2642 4167
310 175 339 257 s.
355 177 394 236 tt.
405 176 451 239 Dc
464 173 596 238 oratione
609 172 863 257 contemplationis
874 220 882 248 ,
895 185 946 242 etc.
1087 150 1155 242 no

128 297 255 345 eernere
268 294 319 340 res
334 274 390 337 sibi
404 285 646 355 repraesentatas,
666 277 722 337 nisi
737 278 769 338 in
786 280 955 358 apparentia
978 297 1139 378 corporea,

127 365 246 429 etiamsi
267 370 366 423 essem
383 362 552 421 substantiae
573 361 763 439 spirituales,
785 361 919 422 econtra
938 363 1103 424 beneficio
1095 383 1141 426 ιιι·

125 448 267 513 telleetirs
287 464 335 508 res
357 456 521 506 cernuntur
541 442 658 506 tantdm
685 446 877 524 spirituales,
896 447 1010 507 etiamsi
1031 446 1140 507 luerint

126 533 325 606 materiales3
338 516 686 598 relutnrelidsdicirm,
702 541 884 603 noscuntur,
901 550 962 592 non
982 530 1138 603 videatur,

125 619 177 680 sed
197 622 366 677 noscuntur
379 611 466 692 longe
482 611 587 673 melids
605 611 694 690 quim
713 614 738 673 si
760 615 853 675 oeulis
864 624 1069 676 cernerentur

164 704 238 765 tto.
252 699 476 761 advertendum
489 704 587 757 tamen
603 696 650 758 hie
670 707 732 767 est,
751 698 877 777 qubd
849 701 976 760 visiones
992 701 1060 761 istas
1079 708 1140 762 tam

125 791 229 854 Deus,
253 782 344 862 qudm
356 783 490 843 diabolus
508 784 599 862 possit
618 783 735 861 operari
746 804 755 858 3
768 784 848 862 quod
862 794 904 844 est
915 785 1139 863 intelligendum

125 874 218 934 etiam
239 871 280 931 de
300 868 565 939 intellectualibus,
582 876 616 928 ut
636 868 755 928 videtur
778 870 904 930 innuere
924 873 955 932 S.
968 870 1140 931 loannesd

127 959 240 1024 Creme,
259 951 368 1033 (Solito
382 951 404 1013 l.
422 956 452 1015 ⁹2.
472 973 497 1014 c.
512 953 574 1030 il.)
592 962 694 1012 contra
718 953 750 1012 id
770 954 849 1031 qrrod
865 955 955 1015 sentit
969 950 1140 1015 sarcinata

124 1044 200 1104 Pete·
223 1040 322 1115 ocius,
340 1039 474 1116 quamvis
494 1036 590 1098 multd
606 1034 719 1097 facilius
736 1039 919 1116 corporales,
934 1059 999 1118 qnae
1017 1048 1049 1099 ut
1073 1039 1139 1119 plu·

124 1123 242 1197 rimirm
256 1167 265 1193 ,
279 1133 308 1183 et
322 1121 469 1201 praecipue
485 1123 516 1182 in
531 1122 677 1190 staminis,
692 1121 729 1181 ab
747 1123 808 1200 ipsa
825 1123 975 1202 phantasia
986 1123 1140 1185 efformar-

124 1219 190 1271 tur.
205 1209 297 1286 Signa
312 1207 348 1269 ad
367 1207 589 1285 distinguendas
609 1224 692 1266 veras
706 1204 722 1266 ιί
737 1207 815 1266 salsis
829 1218 919 1267 sunt:
936 1210 965 1268 l.
976 1210 1007 1268 Si
1020 1211 1139 1269 veniant

122 1312 163 1355 ex
176 1293 344 1371 improviso
360 1292 424 1351 sine
447 1293 505 1350 ulla
529 1291 706 1368 praecedenti
723 1293 829 1352 auinrae
846 1294 1031 1370 cogitatione.
1055 1297 1086 1356 ι).
1104 1295 1136 1355 Si

124 1379 164 1439 ab
192 1376 282 1437 initio
307 1375 430 1436 afferant
462 1377 685 1445 conluuionem,
705 1387 735 1437 et
762 1386 933 1451 terrorem,
959 1379 1011 1438 sed
1038 1387 1138 1457 postea

124 1464 301 1539 relinquant
315 1461 444 1519 animam
465 1460 496 1519 in
514 1478 595 1538 paee.
613 1463 643 1520 5.
657 1461 687 1520 Si
702 1463 761 1538 siat
772 1480 868 1527 rarae.
885 1464 954 1540 quia
967 1463 1137 1541 trequentes

122 1555 199 1617 aunt
227 1544 314 1603 valde
332 1554 482 1622 suspectae.
497 1546 527 1603 lo.
542 1546 570 1604 Si
592 1544 697 1624 pariam
715 1544 842 1618 durent,
857 1548 1018 1622 quoniam,
1040 1547 1139 1623 inquit

123 1636 158 1696 S.
184 1627 327 1692 Therasia
347 1629 459 1707 (Mons.
481 1630 534 1691 VI.
557 1647 583 1691 c.
607 1630 650 1707 9.)
671 1631 790 1708 quando
812 1631 910 1688 anima
934 1632 1067 1689 intuetur
1085 1648 1139 1707 per

122 1719 253 1796 longum
273 1724 389 1792 tempus
406 1733 470 1774 rem
499 1714 555 1773 sibi
578 1723 841 1791 repraesentatam,
860 1715 977 1792 signum
994 1724 1038 1773 est
1057 1712 1138 1792 qudd

122 1803 164 1863 sit
184 1796 377 1879 potidsaetus
397 1796 569 1876 phantasiae.
583 1799 667 1858 tisio
679 1799 779 1859 divina
799 1796 1012 1876 utplurimum
1032 1800 1139 1860 transit

124 1886 163 1946 ad
196 1883 291 1943 instar
318 1882 467 1960 fulguris,
489 1881 541 1942 sed
566 1893 699 1944 remanet
735 1881 805 1943 inde
830 1882 1023 1944 immobiliter
1042 1883 1136 1945 menti
1208 1902 1212 1909 ’

123 1969 232 2033 infixa.
258 1967 288 2026 li.
303 1966 379 2025 Vera
396 1966 471 2027 visio
490 1968 635 2044 relinquit
652 1969 781 2028 animam
804 1966 836 2028 iu
859 1987 973 2029 summa
997 1988 1086 2048 paee,
1105 1977 1137 2030 et

123 2053 227 2116 vivida
245 2051 412 2129 cognitione
437 2053 562 2111 miseriae
579 2070 660 2123 suae,
684 2072 743 2115 non
765 2055 828 2114 sine
850 2055 962 2133 ingenti
990 2056 1137 2117 desiderio

22 2176 23 2179 =
58 2129 78 2145 ⁸
123 2135 340 2220 perfectionis,
360 2134 398 2195 od
417 2136 615 2196 differentiam
636 2139 784 2197 visionum
813 2139 1047 2212 diabolicarum,
1069 2159 1136 2219 quaa

125 2220 235 2304 pariam
249 2229 403 2279 remanent
420 2220 588 2298 impressae,
601 2231 630 2281 et
641 2222 816 2299 relinquunt
826 2225 954 2285 animam
965 2225 997 2284 in
1009 2226 1135 2303 quadam

124 2309 278 2376 siccitate,
302 2305 546 2382 perturbatione,
571 2308 700 2367 motibus
724 2309 852 2386 propriae
866 2311 1068 2370 aestimationis
1081 2353 1089 2380 ‚
1104 2320 1135 2370 et

125 2413 196 2455 cum
215 2392 293 2452 same
313 2390 444 2459 sensibili
460 2389 566 2451 irarum
586 2395 759 2470 gratiarum.
773 2393 882 2455 Verdm
902 2413 971 2456 eum
997 2394 1136 2454 omnibus

125 2477 219 2557 signis
242 2471 378 2551 superids
391 2477 560 2535 memoratis
572 2520 580 2546 ‚
592 2478 690 2554 inquit
703 2479 734 2537 S.
749 2476 884 2539 Tleresio
895 2477 1008 2556 (leid),
1021 2479 1134 2538 nullam

125 2571 239 2624 certam
253 2558 354 2619 haben
368 2576 453 2636 posse
470 2560 681 2637 securitatem,
701 2561 842 2633 quoniam
858 2563 1006 2620 multoties
1019 2560 1134 2620 damon

125 2646 196 2709 iecit
221 2643 361 2704 simulare
380 2644 528 2721 quietem,
548 2648 740 2724 cogitationes
769 2642 966 2712 humilitatis,
991 2644 1133 2704 desideria

124 2727 341 2828 perfeetionis,
347 2744 413 2805 quoe
427 2730 525 2788 omnia
544 2731 693 2789 incertum
707 2736 751 2786 est
764 2724 780 2784 i
794 2744 853 2804 quo
869 2727 1046 2805 procedant
1038 2771 1047 2801 ,
1059 2746 1134 2807 quo·

125 2814 211 2875 niam
232 2829 311 2889 sape
332 2812 394 2891 ipse
416 2810 557 2889 damon,
581 2822 615 2873 ut
637 2813 665 2871 ei
687 2811 759 2871 tides
784 2820 956 2890 prestetur,
975 2813 1048 2871 solet
1073 2811 1134 2871 baee

124 2898 296 2967 insinuare,
311 2905 345 2956 ut
365 2896 484 2957 tandem
505 2900 590 2959 illum
606 2897 756 2976 percipiat
773 2899 926 2969 sructura,
940 2906 970 2957 et
987 2897 1134 2976 deceptio-

125 2998 198 3053 ues,
217 2998 291 3058 quas
320 2980 459 3040 intendit.
479 2983 562 3042 Unde
588 2984 738 3055 director,
762 2981 938 3060 regulariter
960 2981 1131 3060 loquendo,

126 3082 189 3127 nou
221 3063 377 3142 prohibeat
402 3067 509 3126 animae
534 3086 673 3127 enarrare
699 3068 754 3127 sibi
781 3066 951 3144 hujusmodi
981 3067 1131 3136 visiones,
1214 3133 1217 3138 ,

126 3147 188 3210 imo
208 3148 341 3228 imponat
353 3149 415 3220 illi,
430 3159 464 3208 ut
478 3153 644 3212 manifestet
655 3169 848 3230 quaeeumque
866 3152 948 3210 videt
962 3194 971 3223 ,
985 3151 1048 3210 sive
1064 3168 1132 3212 vera

126 3250 160 3293 ea
173 3234 251 3306 sint,
272 3234 335 3293 sive
360 3233 430 3293 salsa
447 3278 456 3296 .
474 3246 507 3294 ut
527 3237 611 3297 docet
625 3239 657 3298 S.
679 3235 816 3297 Tberesio
837 3237 950 3312 (Mons.
970 3237 1006 3294 V.
1029 3253 1055 3295 o.
1077 3237 1131 3315 9.),

126 3315 208 3376 sedi
225 3318 375 3378 contrario
396 3318 509 3379 nullam
532 3321 666 3381 ostendat
679 3322 877 3381 curiositatem
895 3319 1005 3379 sciendi
1028 3317 1132 3398 bujus·

127 3401 207 3462 modi
220 3403 368 3478 visiones,
392 3421 488 3483 neque
509 3405 546 3465 de
557 3404 603 3465 his
614 3405 728 3465 minute
740 3406 870 3463 animam
882 3403 1061 3483 interroget·
1078 3424 1133 3468 nee

126 3489 285 3563 proueniat
300 3488 451 3548 dicendo·
466 3490 535 3550 Non
546 3488 611 3569 fuit
628 3491 697 3550 sic?
714 3485 859 3549 Vidistine
877 3486 946 3563 boo,
968 3486 1014 3549 ool
1032 3486 1132 3574 illud?

127 3569 194 3644 qaia
207 3580 278 3635 tune
289 3571 375 3635 troile
386 3571 487 3635 anima
497 3574 655 3653 respondet
672 3569 847 3634 allirmatire
858 3582 909 3634 aut
929 3592 964 3636 ex
976 3592 1028 3636 sua
1045 3561 1148 3639 mali·¹
