2642 4167
148 225 215 314 lot*
439 244 551 310 Paucis
567 245 748 329 corasessorii.
763 247 834 327 Cap.
850 246 879 307 8.

145 351 269 412 sessione
289 349 413 422 audito,
433 350 547 428 quoties
561 349 610 409 alil
625 366 685 408 non
705 354 823 425 possent
839 345 942 406 venire
960 344 992 404 in
1009 343 1154 424 cognitio·

147 452 214 495 nem
232 434 418 512 penitentis,
440 441 490 492 aut
511 433 626 512 quoties
646 430 766 491 baberet
789 447 954 508 expressam
970 428 1153 489 lieentiamd

147 520 318 597 poenitcntc.
339 515 538 579 Nihilominris
557 517 646 576 etiam
668 516 700 575 iu
730 514 785 576 lroc
808 511 972 574 cautissime
988 514 1032 573 εει
1051 531 1155 591 proce·

145 600 277 663 ¹dendum
292 624 300 662 a
319 611 349 662 ct
367 605 395 662 l.
410 605 569 678 Nunquam
582 599 731 682 loquendo
741 599 778 659 de
794 598 917 676 peccatis
930 597 965 657 in
974 597 1155 657 consessione

147 686 277 770 auditis,
297 705 395 746 coram
413 685 595 763 simplicibus
614 684 765 762 personis,
786 700 852 760 quae
874 690 992 760 possent
1013 680 1153 759 suspicari

147 764 184 830 dc
206 773 384 831 revelatione
406 769 604 830 confessionis.
619 770 648 827 ἓ.
663 770 832 844 Numquam
848 766 971 826 dicendo
987 764 1004 826 ὲ
1017 774 1153 843 suggestu

147 854 179 913 in
204 857 412 925 concionibus,
436 870 559 930 regnare
579 853 610 912 in
630 870 663 912 ca
685 851 760 910 urbe
786 851 905 928 aliquod
924 851 1049 918 vitium,
1074 848 1155 926 quod

147 939 210 1017 ipse
229 940 400 1018 excipiendo
419 939 634 1012 consessiones,
655 936 833 997 intellexerit
848 936 888 995 ibi
909 936 1001 1013 magis
1016 935 1156 1010 frequen·

147 1025 214 1084 tari.
226 1025 298 1104 (lloc
311 1034 407 1084 tamen
422 1022 598 1100 intelligitur
611 1019 642 1098 (l.
655 1040 681 1080 c.
696 1039 729 1080 n..
748 1019 848 1097 tan),
863 1020 980 1098 quando
993 1019 1024 1077 id
1036 1018 1155 1078 aliunde

147 1125 209 1168 non
234 1108 319 1168 scivit
331 1154 341 1184 ,
362 1117 393 1168 et
412 1107 530 1185 quando
553 1108 634 1165 lorus
664 1112 707 1164 cst
727 1103 867 1183 paraus),
891 1113 922 1162 et
946 1103 1106 1181 praescrtim
1127 1101 1153 1161 si

147 1193 338 1253 concionetur
356 1192 388 1252 iu
412 1191 510 1268 aliquo
529 1191 727 1261 monasterio,
747 1190 778 1248 in
799 1208 858 1265 quo
877 1207 936 1248 non
957 1188 1044 1248 debet
1066 1186 1154 1246 velrc·

147 1275 276 1337 mentibs
303 1274 443 1336 invehere
463 1284 564 1333 contra
577 1274 706 1352 aliquem
732 1272 901 1343 deiculum,
923 1291 1012 1349 quem
1035 1272 1066 1332 in
1084 1289 1155 1330 con·

146 1361 271 1422 sessione
284 1359 397 1419 audivit
418 1359 460 1419 ibi
480 1375 542 1417 esse
557 1357 804 1418 communiorem.
822 1360 852 1416 5.
872 1359 938 1417 lion
960 1358 998 1416 sit
1013 1358 1082 1417 conl
1138 1370 1177 1401 ·’

147 1445 211 1504 rius
230 1445 320 1504 nimis
341 1445 528 1522 importunus
550 1443 582 1502 in
605 1442 766 1502 obtinenda
791 1443 906 1503 licentia
927 1440 944 1500 ia
969 1443 1154 1520 poenitcnte,

148 1531 291 1610 quoniam
316 1529 350 1591 ci
365 1530 503 1599 licentii,
527 1547 592 1607 quae
617 1545 677 1588 non
704 1537 748 1587 est
776 1525 900 1588 omnind
923 1537 1103 1605 spontanea,
1123 1536 1156 1587 et

148 1615 235 1696 plene
259 1616 373 1691 libera,
392 1616 455 1694 ipse
477 1628 663 1692 nequaquam
680 1615 723 1673 uti
749 1616 868 1693 poterit.
886 1613 970 1672 Unde
989 1614 1027 1673 sit
1046 1614 1157 1691 parcis-

148 1700 266 1771 simus,
293 1698 438 1779 quantiam
462 1698 528 1758 fieri
553 1697 685 1775 poterit,
709 1698 740 1757 in
763 1694 953 1775 exquirendis
983 1695 1155 1774 hujusmodi

148 1784 275 1845 licentiis
294 1786 358 1844 sine
373 1783 489 1863 speciali
502 1783 671 1842 necessitate
684 1802 692 1839 a
706 1791 736 1842 ct
752 1791 823 1842 tunc
837 1781 927 1842 tutids
939 1783 994 1842 erit
1005 1783 1158 1843 insinuare

147 1870 326 1947 poenitenti,
348 1877 383 1928 ut
409 1868 447 1927 dc
471 1885 529 1938 eo,
558 1867 639 1945 quod
669 1877 713 1926 cst
743 1885 885 1936 neccsse,
910 1867 1048 1945 loquatur
1072 1875 1156 1928 cxtra

141 1952 369 2012 consessionem.
381 1953 475 2011 Nemo
490 1960 589 2011 autem
607 1951 743 2030 ignorat,
758 1951 836 2028 qudd
851 1961 932 2010 extra
945 1952 1157 2012 contessionem

148 2053 209 2095 non
230 2044 326 2111 potest
350 2036 540 2097 confessarius
557 2053 611 2095 nec
633 2037 721 2095 etiam
733 2054 802 2095 cum
821 2036 885 2114 ipso
900 2036 1059 2113 poenitente
1071 2037 1157 2114 loqui

147 2118 297 2179 derebus
322 2120 353 2180 in
378 2120 427 2179 illa
453 2119 578 2189 auditis,
603 2120 668 2180 sine
690 2119 821 2197 cjusdem
847 2136 981 2196 expressa
1006 2121 1154 2181 licentia:

126 2277 128 2282 Ι
147 2201 179 2262 in
200 2203 260 2281 ipsa
286 2201 357 2264 verb
376 2205 555 2264 consessione
575 2203 650 2264 bend
670 2202 765 2281 potest
784 2203 822 2263 de
842 2204 901 2263 illis
921 2203 1001 2280 loqui
1018 2205 1159 2282 ,quoties

147 2287 295 2347 existimat
304 2289 361 2348 boc
377 2288 431 2366 ipsi
443 2288 597 2367 poenitcnti
611 2287 750 2367 expedire
762 2285 795 2367 (l.
806 2306 832 2348 c.
848 2307 881 2347 a.
901 2286 1031 2363 dealt.
1045 2288 1159 2366 Nequit

145 2375 303 2451 exquirere
323 2393 432 2436 nomen
459 2375 634 2455 complicis,
660 2385 691 2435 ct
710 2378 734 2435 si
766 2375 918 2454 negaverit
941 2374 1158 2436 absolutionem

148 2458 174 2518 ei
191 2458 242 2535 qui
253 2457 351 2519 dicere
363 2461 562 2529 recusaverit,
580 2461 705 2520 incurrit
716 2461 934 2539 suspensionem
948 2456 1077 2537 suendae
1088 2475 1159 2518 scn-

69 2574 71 2579 ,
147 2542 246 2603 teutioe
268 2566 279 2603 .·
298 2546 395 2623 etqui
416 2545 550 2605 docuerit
567 2544 623 2607 hoc
642 2547 708 2605 lieri
724 2563 829 2623 posse,
845 2545 970 2605 incurrit
984 2561 1158 2606 excommu-

85 2656 87 2660 ·
147 2628 325 2690 nicationem
345 2630 480 2709 papalem
500 2629 564 2710 ipso
584 2628 746 2711 foclolLib.
763 2633 792 2691 6.
810 2649 843 2690 n.
857 2630 951 2712 4⁹¹2)-

186 2713 254 2773 tte.
275 2715 348 2774 Casu
365 2714 435 2776 verb
461 2733 520 2794 quo
538 2714 684 2794 paenitens
709 2722 845 2775 tencatur
870 2715 924 2774 sub
955 2715 1037 2793 gravi
1059 2714 1159 2775 mani-

147 2796 253 2857 testare
277 2816 385 2858 nomen
409 2800 582 2876 complicis,
600 2799 636 2856 ad
656 2799 853 2877 reparandum
872 2797 942 2877 putd
962 2800 1080 2876 aliquod
1100 2797 1158 2858 da·

148 2898 253 2942 muum
264 2898 420 2962 commune
436 2881 525 2960 (Ibid.
542 2903 574 2942 o.
596 2884 808 2960 idl.),contra
822 2883 947 2942 aliorum
963 2885 1155 2961 opinionem,

147 2982 202 3026 nec
227 2965 402 3025 etiamtunc
422 2965 538 3044 possed
559 2967 734 3027 confessario
761 2969 884 3046 obligari
909 2970 1099 3045 poenitentem
1115 2967 1157 3028 ad

146 3048 392 3109 manifestandum
411 3051 465 3110 sibi
489 3067 597 3109 nomen
621 3051 796 3129 complicis,
815 3050 868 3111 sed
894 3049 1010 3110 tantbm
1029 3067 1113 3127 posse
1126 3059 1159 3110 et

146 3133 254 3193 debere
274 3134 428 3211 imponere
446 3135 618 3212 paenitenti,
639 3143 674 3193 ut
686 3136 852 3195 manilestet
869 3135 1041 3213 complicem
1053 3134 1090 3194 iis
1101 3135 1158 3212 qui

146 3226 268 3295 possunt
284 3218 452 3294 scandalum
472 3218 626 3296 impedire.
643 3217 731 3291 erbd
751 3221 775 3279 si
793 3220 937 3297 poenitcns
958 3236 994 3278 ex
1016 3237 1047 3278 se
1067 3219 1160 3280 uellet

148 3301 321 3377 complicem
341 3303 516 3365 confessario
539 3302 750 3375 manifestare,
774 3314 845 3363 tunc
861 3304 936 3362 boue
961 3312 1055 3381 potest
1070 3303 1160 3364 illum

147 3382 271 3453 audire,
292 3392 322 3444 et
355 3386 603 3466 quemadmodum
628 3393 766 3462 oportet,
783 3387 925 3447 damnum
939 3405 1087 3465 reparare.
1105 3389 1159 3448 In·
1247 3460 1251 3467 .

149 3481 238 3541 super
259 3468 471 3531 advertendum
493 3480 558 3540 est,
576 3488 611 3529 ex
641 3469 697 3530 hoc
715 3489 775 3532 non
796 3471 947 3550 prohiberi
974 3472 1161 3532 confessariis

150 3549 335 3642 exquireret
358 3556 513 3629 poenitcnti
533 3555 765 3615 circumstantias
781 3575 853 3634 quas
874 3557 948 3616 scire
965 3562 1102 3632 oportet,
1124 3565 1163 3617 ut

150 3628 314 3707 intelligat,
336 3652 374 3694 au
395 3637 470 3703 adsit
483 3641 591 3717 species
616 3640 727 3718 pcccati
750 3640 884 3712 diversa,
906 3640 953 3701 vel
976 3648 1010 3699 ut
1025 3640 1165 3701 consulat
