2642 4167
164 191 204 250 lli
347 160 354 165 .
421 192 424 198 ’
452 190 563 255 l’rccis
579 189 762 271 confessarii.
775 192 848 273 Cap.
862 193 892 252 7.

168 301 273 366 gerent
289 292 345 354 linc
365 294 472 354 modo:
489 292 570 372 Dcpi
580 288 681 352 oacrio
702 309 862 352 cmamossc
884 292 925 354 ad
950 294 1031 378 oripj
1055 293 1150 375 offelli
1161 342 1170 372 ‚
1209 350 1212 355 4

168 371 194 435 lc
205 393 367 437 macorano
385 375 571 438 velocearcnte
587 373 619 436 lo
629 373 734 455 linquo
746 372 804 435 elle
813 373 1006 437 moledizicni
1021 377 1093 440 delle
1112 398 1170 442 coac

167 458 223 538 piri
238 468 344 536 sacte3
360 459 396 522 ed
409 458 467 521 olle
479 458 553 522 volte
568 459 597 522 si
606 461 761 521 santeaco
780 456 852 523 delle
870 478 921 521 cac
942 462 1028 522 taoni
1039 481 1093 544 per
1111 469 1168 545 pit·

168 551 230 602 tarc
247 564 266 603 a
285 551 364 605 terra
381 543 542 626 rtrcdaplie‚
557 562 572 605 c
585 540 655 605 lilri
663 542 754 624 sopri.
766 542 821 622 (l.)
834 545 947 607 Deinde
970 548 1061 607 refert
1081 550 1166 609 verba

167 626 299 703 ejusdem
312 631 558 699 sanctimonialis,
577 647 644 706 quae
663 646 746 687 stram
763 644 902 702 enarrans
920 649 1037 708 poenam
1060 635 1101 692 sic
1119 652 1169 694 suo

167 713 310 772 Directori
324 715 486 774 scrihebat:
503 715 564 774 Con
580 720 684 792 questo
695 709 800 792 linquo
817 724 993 793 consapreto
1009 721 1079 797 opici
1095 725 1171 778 mot·

168 794 233 855 tino
251 793 305 856 dol
321 805 449 859 cantatio
466 795 497 858 dt
516 796 594 860 Gesic
618 796 714 857 Crista
731 795 760 857 in
780 795 867 859 aldio
885 797 938 877 poi
956 800 976 859 d
994 797 1170 870 moledirlo?

167 881 212 940 nri
227 882 451 954 sentenciae,
468 880 573 945 lentii
589 878 665 961 fossi
680 898 771 942 senza
786 892 912 962 peccato.
927 886 967 944 Le
983 882 1172 946 rnoledizioni

167 967 292 1025 enmono
309 966 430 1026 secondo
450 964 475 1027 lc
487 964 652 1036 indocili,
672 963 846 1046 proferendo
861 966 1022 1028 besteamrie
1033 968 1169 1047 cretieoli,

167 1049 302 1128 ncpcado
315 1050 329 1109 i
337 1050 452 1133 misterj
463 1051 630 1112 sacrosanti
641 1069 681 1110 ce.
696 1051 762 1130 (2).
775 1051 856 1112 Idem
867 1053 1025 1114 dicendum
1035 1054 1072 1115 de
1082 1055 1172 1116 altera

167 1138 370 1215 propositione
382 1139 430 1196 id.
454 1132 610 1197 Michaelis
630 1132 781 1211 llIclioos‚·
794 1128 999 1216 nempe'qudd
1019 1140 1058 1199 sit
1077 1139 1170 1213 falsa,

167 1229 198 1280 et
213 1222 333 1297 insuper
344 1221 525 1288 scandaloso,
541 1219 612 1279 dum
627 1220 683 1279 lob
704 1238 762 1279 non
785 1220 918 1298 loquitur
937 1221 974 1282 de
986 1224 1169 1300 pollutione,

166 1304 217 1365 aed
232 1303 347 1364 tantdm
359 1305 451 1364 dicit:
467 1307 538 1365 Hoec
557 1312 666 1384 passas
683 1321 749 1371 sara
768 1302 875 1385 alapae
889 1305 1048 1385 ,iniquitate
1065 1326 1173 1370 manns

166 1388 335 1457 meremini
358 1388 492 1451 laederem
514 1386 641 1448 rotradus
660 1387 700 1447 od
719 1390 816 1449 Deum
831 1407 937 1467 preces.
956 1388 1027 1457 ¹lod.
1050 1393 1100 1451 lli.
1117 1394 1171 1457 ,l8.

167 1473 299 1550 Explicat
314 1471 499 1535 dial-arcada.-
516 1472 610 1548 Quasi
621 1471 716 1542 dicat,
734 1472 795 1534 laec
808 1482 949 1534 uenerunt
970 1474 1047 1535 milri
1065 1485 1174 1556 priato
1190 1540 1192 1543 ,

165 1555 284 1636 melpum
297 1576 412 1619 mccnc:
425 1557 642 1630 Et'Mcnccltios
655 1548 868 1618 :cilliniacus
880 1555 1175 1639 snppliccsochcm

166 1638 326 1713 ckaarern,
348 1661 526 1723 otiosaeque
541 1641 670 1721 repara,
684 1658 776 1720 ireque
795 1639 854 1705 clio
874 1641 976 1703 accim
987 1648 1173 1704 contamina·

167 1743 279 1786 ocrem.
299 1728 431 1806 Repeto,
451 1728 523 1806 quid
541 1726 576 1785 nd
595 1725 656 1785 hoec
680 1727 807 1805 pertinet
826 1727 968 1804 pollutio,
985 1736 1016 1787 et
1034 1729 1173 1789 violentia

167 1810 334 1871 doemonis?
354 1832 391 1872 en
410 1832 499 1891 quam
514 1813 590 1871 inisse
610 1822 694 1870 crant
705 1810 772 1876 duae
785 1813 998 1890 propositiones
1013 1814 1135 1874 relatae!

206 1896 263 1955 Sed
275 1897 370 1973 quoad
384 1898 599 1976 propositiones
612 1896 700 1971 istas,
722 1898 872 1974 responsio
893 1898 985 1975 magis
1004 1898 1126 1975 propria
1146 1905 1175 1957 et

167 1981 343 2041 convincens
357 1980 418 2040 laec
432 1991 485 2041 est.
498 1980 716 2058 Propositiones
728 1980 925 2058 proscriptas,
941 1999 1028 2041 nemo
1045 1983 1172 2059 ignorat,

134 2112 137 2119 .
166 2064 371 2142 intelligendas
382 2084 443 2124 esse
452 2064 535 2141 juxta
545 2081 663 2124 sensum
675 2066 802 2129 auctoris
813 2065 864 2142 qui
875 2084 923 2125 eos
940 2066 1076 2143 protulit.
1089 2067 1175 2140 Quae·

167 2148 236 2209 dam
252 2146 401 2222 ansoelli
409 2149 623 2228 propositiones
642 2147 783 2210 videntur
802 2150 900 2228 primo
914 2150 1023 2225 intuitu
1039 2168 1134 2227 aequae
1146 2159 1175 2212 et

166 2244 292 2306 sanctae,
311 2245 441 2294 attamen
455 2233 539 2311 juxta
558 2234 636 2294 illius
656 2251 776 2294 sensum
799 2242 870 2294 sunt
887 2253 1042 2314 perversae.
1058 2235 1104 2294 Ex
1127 2254 1172 2315 gr.

148 2365 151 2369 .
166 2319 289 2396 Propos.
307 2320 355 2379 50.
373 2320 415 2378 sic
427 2319 518 2379 dicit:
532 2321 639 2379 Ornaes
651 2334 725 2397 quos
738 2320 819 2379 arur
830 2316 1174 2399 aaltsolvarepcrcdri·

165 2409 246 2464 stunt
271 2400 429 2462 solvantur
445 2398 656 2482 infallibiliter.
677 2404 742 2461 llaec
756 2400 924 2480 propositio
935 2404 968 2465 in
990 2421 1077 2464 sensu
1093 2409 1174 2464 recto

166 2496 197 2546 et
208 2485 351 2547 catholico
368 2496 487 2547 tenetur
503 2488 541 2548 ab
553 2488 712 2557 omnibus,
735 2487 788 2564 qni
804 2497 992 2565 propugnant
1011 2507 1065 2566 pro
1079 2488 1173 2567 gratia

165 2571 274 2631 efficaci
295 2572 332 2632 ab
353 2573 511 2633 intrinseco
524 2594 533 2649 3
546 2571 597 2632 sed
618 2571 755 2632 damnata
778 2579 822 2630 est
843 2571 875 2630 in
896 2574 982 2631 sensu
1001 2569 1172 2647 Qucsrrelli‚

166 2672 273 2735 nempe
284 2655 365 2733 qudd
380 2658 458 2717 Deus
472 2659 545 2718 velit
565 2654 682 2717 tantiam
695 2656 819 2715 salutem
836 2656 1123 2733 predestinatorum.
1138 2658 1175 2714 tte
1190 2694 1197 2705 s

167 2739 208 2798 sic
222 2739 380 2801 dicendum
393 2740 545 2803 damnatas
558 2744 646 2801 otiam
664 2758 725 2800 esse
742 2741 958 2818 propositiones
973 2742 1079 2800 relatas
1095 2742 1135 2801 ii
1146 2747 1176 2799 et

165 2825 216 2884 ta.
230 2823 385 2886 Michaelis
397 2823 537 2887 Maliaci,
559 2828 654 2901 liuius
672 2826 755 2902 impii
773 2834 901 2902 systema
922 2823 979 2885 lroc
992 2836 1074 2898 erat,
1093 2822 1174 2905 qudd

165 2909 234 2971 edm
248 2910 551 2990 personalibertatem
566 2928 649 2971 suam
670 2912 729 2969 Deo
747 2909 891 2982 donaret,
915 2928 976 2970 non
998 2911 1087 2971 debet
1111 2928 1175 2970 am·

195 3113 226 3172 (l)
236 3113 308 3159 idest
318 3129 325 3156 r
335 3111 459 3171 Postquam
476 3109 553 3170 impiis
562 3108 648 3155 mentis
657 3106 781 3154 effectibus
799 3122 851 3155 cam
867 3116 1055 3165 commoverent,
1067 3109 1174 3168 linguam

165 3178 239 3237 ipsius
256 3178 368 3224 celeriter
379 3176 502 3222 merebant
515 3176 545 3221 ml
556 3174 741 3220 maledicendum
763 3176 835 3222 teitus
854 3178 953 3221 maxime
971 3176 1044 3221 sacris
1055 3189 1083 3220 tte
1094 3189 1175 3235 quan·

166 3249 243 3303 daque
254 3243 359 3289 manilius
374 3244 502 3289 utebantur
516 3242 545 3288 ed
565 3241 710 3301 projicienda
726 3242 865 3289 numismata
880 3242 1000 3300 librosque
1014 3254 1105 3286 sacros.

194 3311 225 3367 (2)
237 3310 266 3354 tc
277 3316 311 3355 ert
321 3330 330 3355 .-
340 3311 388 3354 ttae
406 3311 459 3354 mei
471 3309 561 3365 tingat,
574 3321 625 3366 que
639 3305 746 3365 quotidie
763 3321 865 3367 corpore
875 3307 931 3353 lesu
947 3307 1033 3354 Christi
1051 3312 1174 3358 sacratur,

166 3372 221 3419 liuic
235 3374 377 3420 maledicere
387 3374 513 3420 deberem?
527 3371 610 3418 Videor
624 3371 682 3417 mihi
692 3370 772 3416 subire
783 3380 897 3424 mortem,
908 3372 1013 3431 quemvis
1023 3371 1065 3415 sim
1081 3370 1175 3429 ubsque

166 3445 271 3497 peccato.
283 3439 460 3485 llaledictiones
476 3439 525 3483 irtae
541 3436 632 3484 variant
648 3449 692 3496 pro
702 3436 850 3483 solemnitate
864 3437 971 3490 dierum,
982 3436 1049 3481 modo
1060 3434 1174 3494 blesphe-

166 3505 217 3549 tniae
227 3498 371 3549 hacreticcles
381 3504 534 3563 proferuntur
543 3537 550 3561 ,
560 3503 627 3548 inodo
637 3500 781 3549 sanctissima
794 3511 911 3563 necantur
923 3501 1031 3561 mysteria
1042 3498 1098 3546 fidei
1107 3508 1156 3545 etr.

977 3591 1041 3638 edat.
