2642 4167
211 212 249 273 tii
494 203 929 286 Praxiecunfesearii.t1cp.ll.
1040 270 1044 276 ,

211 311 286 389 quin
305 309 392 370 dolor
405 306 548 367 habeatnr
559 306 596 366 de
609 304 705 382 aliqua
719 305 751 364 in
766 302 937 382 particulari
950 310 1059 382 ,prout
1071 304 1216 365 tenuimus

212 394 270 474 (lb.
287 389 366 454 nat.
382 391 424 468 2.)
441 402 542 452 contra
561 390 760 468 quorumdam
774 390 966 468 opinionem,
980 386 1063 447 facile
1085 398 1215 449 metuen-

211 480 342 539 domest
359 475 530 553 hujusmodi
553 475 748 534 consessiones
769 473 923 551 sacrilegas
939 490 1020 546 esse,
1042 481 1093 532 aut
1116 475 1216 534 saltem

212 562 366 621 invalidas.
390 563 466 619 llinc
483 560 643 637 diligenter
659 566 770 635 satagat
788 557 979 618 confessarius
992 556 1028 616 ad
1047 573 1107 617 nou
1124 558 1217 618 absol·

214 645 324 705 nendos
353 642 522 705 indistincte
546 644 615 703 tales
635 643 833 721 poenitentes3
851 649 924 702 tunc
947 641 1083 710 etenim,
1106 637 1216 702 etiarnsi

214 728 259 788 illi
274 729 334 789 sint
349 730 381 789 in
404 729 480 789 bona
498 726 580 798 fide,
599 735 698 786 tamen
722 745 782 786 non
799 726 908 805 poterit
928 723 945 784 a
965 726 1116 803 sacrilegio
1132 744 1216 786 excu-

213 814 290 884 sari,
307 814 521 873 absolutionem
541 810 739 889 impertiendo
753 812 794 869 eis
812 811 862 888 qui
884 809 920 869 ad
933 810 1147 869 absolutionem
1159 827 1215 869 non

214 897 283 955 satis
293 897 423 976 dispositi
438 895 567 975 'judicari
582 904 715 973 possunt.
734 897 892 973 Propterea
909 904 992 953 curet
1002 939 1012 969 ,
1033 895 1057 953 si
1074 896 1216 972 preniten-

215 988 275 1039 tem
296 981 360 1039 sine
378 990 495 1058 peceato
513 980 578 1038 vult
591 979 763 1051 absolvere,
785 988 836 1038 aut
849 997 918 1038 eum
939 978 1095 1056 disponere
1113 979 1149 1037 ad
1166 978 1217 1038 do·

215 1063 336 1124 lendum
350 1065 515 1142 presertim
526 1063 563 1122 de
576 1065 674 1140 aliqua
692 1066 748 1123 levi
768 1065 851 1142 culpa
863 1061 900 1133 ,b
918 1081 977 1139 quo
993 1063 1043 1121 ille
1054 1057 1217 1142 magis'hor·

216 1158 280 1208 reat
295 1170 304 1222 3
317 1158 369 1208 aut
388 1149 415 1208 ei
433 1149 599 1218 insinuare,
617 1157 651 1207 ut
663 1148 837 1207 confiteatur
855 1148 892 1207 de
909 1148 1008 1224 aliquo
1021 1158 1138 1226 peccato
1155 1166 1217 1226 gra·
1293 1161 1294 1176 ¹

215 1232 293 1293 viuri
306 1234 374 1292 vitre
384 1240 522 1292 anteacta
545 1240 646 1291 contra
675 1232 795 1309 aliquod
811 1240 991 1310 praeceptum
1008 1231 1127 1308 (sufficit
1140 1232 1216 1291 enim

216 1324 251 1376 ut
264 1317 441 1377 confiteatur
463 1317 639 1393 ingenerati
659 1317 769 1393 absque
796 1314 932 1391 narriero)
952 1324 985 1374 ut
1003 1315 1108 1374 babeat
1130 1321 1218 1374 matc·

216 1400 291 1460 riam
309 1411 418 1460 certam
445 1419 534 1479 super
562 1418 620 1479 qua
655 1401 745 1459 inniti
779 1401 871 1478 possit
898 1400 1066 1471 absolutio,
1090 1399 1216 1476 alioquin

215 1485 302 1544 etiam
322 1484 392 1545 huie
418 1487 573 1564 paenitenti
600 1503 653 1562 per
682 1485 801 1563 aliquod
831 1493 947 1562 tempus
971 1483 1085 1543 differri
1106 1490 1218 1561 oportet

162 1612 166 1621 .
217 1567 374 1629 absolutio.

256 1654 304 1713 72.
317 1656 388 1714 Dico
399 1650 583 1735 peraliquorl
596 1660 726 1733 ternpus,
742 1652 868 1731 eoquod
882 1652 1018 1712 recidivis
1030 1653 1217 1725 tamlevinm,

215 1736 304 1815 quim
316 1740 450 1816 gravium
467 1739 623 1815 culparum
640 1755 700 1797 non
721 1748 764 1797 cst
783 1738 977 1798 necessarium
998 1736 1119 1797 differre
1138 1738 1218 1797 abso·

217 1822 361 1882 lationem
420 1842 436 1882 r
458 1840 572 1894 annos,
593 1832 644 1882 aut
658 1839 795 1894 menses,
812 1832 846 1882 ut
861 1824 950 1883 nimis
969 1821 1062 1899 rigide
1076 1822 1217 1881 vultlue·

217 1906 373 1985 ninuell'
395 1950 402 1966 .
418 1904 440 1966 l.
453 1909 482 1967 6.
497 1925 530 1966 n.
553 1905 654 1984 iffi),-
671 1908 721 1967 sed
737 1908 912 1986 regulariter
932 1908 1001 1966 satis
1018 1908 1094 1979 erit,
1113 1912 1139 1966 si
1155 1925 1218 1986 pec·

216 2000 313 2052 cutum
325 1991 458 2070 procedit
471 2009 506 2051 ex
519 1992 676 2070 fragilitate
685 1993 860 2063 intrinseca,
873 1992 975 2052 dilatio
989 2000 1054 2051 octo
1064 1993 1112 2052 vel
1122 1992 1217 2052 decem

217 2073 334 2135 dierum
348 2120 356 2146 ,
374 2074 461 2153 prosit
477 2077 519 2134 ait
539 2076 642 2135 doctus
655 2078 765 2136 Auctor
781 2077 861 2136 libri
874 2080 974 2137 Romae
986 2076 1056 2136 editi
1069 2119 1077 2146 ,
1091 2078 1138 2136 cni
1151 2079 1218 2136 titu-

217 2159 283 2230 lus,
298 2161 527 2241 Istruzioneper
538 2157 563 2219 li
577 2158 686 2219 novelli
697 2159 858 2240 consessuri
868 2161 966 2240 (Part.
975 2166 1004 2222 l.
1016 2181 1041 2222 e.
1054 2163 1084 2220 9.
1098 2180 1130 2221 n.
1142 2161 1218 2237 llil·

215 2242 354 2321 idemque
373 2243 444 2303 dicit
466 2248 576 2304 Auctor
590 2246 693 2304 Libelli
720 2245 832 2322 ubique
852 2248 882 2305 in
910 2246 993 2305 ltalia
1020 2248 1152 2325 accepti,
1173 2247 1215 2305 cui

154 2392 156 2396 ,
217 2327 339 2399 titulus,
353 2327 520 2389 Istruzione
531 2347 585 2409 per
595 2325 620 2388 li
630 2326 739 2389 novelli
753 2328 912 2409 consessori
923 2330 956 2391 di
967 2340 1041 2391 terre
1055 2377 1063 2400 ,
1077 2330 1219 2412 evr‘llaqqi

216 2413 304 2494 (Cup.
318 2416 348 2472 l.
359 2412 385 2492 S.
401 2413 456 2491 4.),
472 2415 522 2474 ubi
541 2433 595 2492 pro
610 2414 666 2474 hac
685 2416 818 2474 doctrina
830 2418 901 2475 citat
916 2415 1098 2477 Lnduuicnin
1111 2417 1218 2477 Hubert

216 2498 267 2576 (In
278 2496 377 2557 Praei
388 2497 496 2578 Paruit.
507 2506 551 2557 tr.
565 2501 594 2558 l.
610 2518 642 2580 p.
663 2499 948 2577 trepidantque
964 2520 1025 2560 esse
1045 2503 1216 2562 excessivam

216 2591 246 2642 et
265 2582 458 2660 periculosam
470 2582 641 2643 dilationem
662 2585 790 2654 mensis,
810 2586 878 2662 quia
894 2589 958 2663 post
973 2595 1088 2645 tantum
1107 2594 1218 2663 tempus

215 2665 341 2725 difficilis
364 2667 499 2727 redditur
525 2668 638 2727 reditus
662 2668 831 2745 hujusmodi
854 2671 1073 2747 poenitcntinm.
1088 2672 1124 2729 Et
1153 2668 1217 2728 buic

213 2748 326 2825 judicio
348 2751 426 2812 iavet
449 2750 623 2812 Benedictus
651 2753 731 2811 XlV.
766 2753 797 2812 in
822 2750 915 2813 Bulla
944 2756 1136 2833 Apostolicu,
1169 2753 1216 2813 ubi

216 2836 339 2911 loquens
358 2835 395 2894 de
412 2836 614 2907 centenariis,
634 2837 686 2914 qui
704 2835 762 2897 rite
780 2838 990 2915 poeuitentibos
1008 2839 1216 2899 absolutionem

214 2918 380 2988 differunt,
397 2920 439 2979 sic
456 2918 564 2978 deinde
583 2938 631 2979 eos
649 2930 749 2980 monet
767 2942 774 2979 :
793 2919 864 2982 Illos
878 2922 1052 3005 quiantociiu
1074 2930 1110 2982 ut
1127 2940 1217 2981 reuer-

217 3010 321 3062 tuntur
334 3000 463 3062 innitent
473 3046 482 3072 ,
494 3010 531 3061 nt
544 3002 585 3062 ad
598 3005 810 3065 sacramentale
827 3005 928 3084 forum
949 3009 1090 3086 repressi,
1104 3005 1217 3068 ubsola·

215 3086 305 3147 tionis
321 3086 456 3165 beneficio
472 3086 630 3147 donentur.
648 3092 723 3148 Nota
740 3091 847 3160 verba,
868 3092 1061 3170 quantocies,
1076 3102 1105 3152 et
1117 3091 1217 3154 dorien-

215 3180 274 3232 lar.
289 3172 333 3231 dd
350 3190 500 3232 summum
514 3172 602 3250 (dico)
614 3172 660 3232 his
673 3174 786 3234 dilierri
801 3185 896 3251 potest
912 3178 1055 3236 absolutio
1069 3197 1121 3256 per
1133 3179 1216 3256 quin-

213 3255 329 3327 decim,
349 3265 399 3315 aut
418 3257 523 3334 viginti
541 3257 614 3316 dies.
639 3256 696 3316 Sed
711 3259 846 3336 excipere
865 3271 981 3337 oportet
997 3262 1063 3321 illos
1081 3264 1130 3340 qui
1147 3272 1216 3320 tem·

213 3357 285 3418 pore
306 3341 444 3418 praecepti
462 3340 602 3418 paschalis
620 3343 825 3419 confitentur,
843 3364 898 3422 pro
924 3347 986 3405 istis
1005 3348 1084 3405 euim
1101 3343 1216 3422 majoris

213 3424 354 3501 temporis
370 3425 549 3501 experientia
571 3428 759 3504 requiritur,
781 3426 852 3488 'crim
874 3428 952 3505 justa
975 3432 1100 3507 suspicio
1116 3429 1215 3489 habiri

213 3508 329 3582 possit,
353 3506 432 3585 qudd
458 3507 490 3567 hi
513 3510 712 3570 abstineant&
739 3513 854 3590 relapsu
884 3512 982 3589 potitis
1003 3525 1037 3572 ut
1066 3532 1215 3574 censuram

214 3588 372 3667 effugiant,
393 3590 481 3666 quam
500 3610 537 3652 ex
551 3611 622 3654 vcro
645 3598 799 3674 proposito
823 3598 959 3657 mutandi
975 3599 1078 3658 vitam.
1096 3598 1215 3675 Oportet
