2642 4167
310 200 384 277 Cap.
400 198 428 257 7.
443 196 490 255 De
508 200 690 254 socrccnento
710 188 823 252 ordinis
838 190 872 251 in
891 207 1004 272 peracre.
1103 192 1160 255 707

152 317 186 368 ει
197 304 401 369 diaconatum,
417 305 451 357 ιιι
462 296 600 374 diriores)
620 313 681 355 non
697 311 759 355 esse
777 304 976 371 sacrementa3
992 294 1060 374 quia
1079 297 1161 359 deest

152 387 267 451 inillis
288 382 430 455 materia,
452 399 560 459 nempe
577 381 725 457 impositio
736 385 905 451 'manuum,
921 397 1009 457 qaam
1029 381 1074 461 (ut
1091 400 1160 444 mox

153 468 299 547 dicemus)
317 465 498 547 probabilius
517 474 562 526 est
583 482 645 525 esse
664 465 783 525 unicam
802 462 956 523 materiam
971 464 1101 526 ordinis:
1116 467 1164 528 de

153 566 258 635 estque
281 552 370 614 ctiam
392 550 507 627 torma,
531 567 597 628 quea
619 549 766 627 exprimat
792 547 1016 626 productionem
1036 552 1160 631 gratiae,
1222 559 1225 566 “

153 639 228 703 ditm
241 635 438 711 incollatioue
448 634 637 713 praefatorum
648 632 788 694 ordinum
802 648 862 691 nou
874 631 910 691 fit
922 633 1032 695 mentio
1042 636 1162 712 gratiae,

153 724 207 786 sed
225 721 342 785 tantum
359 720 511 799 potestatis
526 737 593 798 quae
613 718 752 779 traditur.
765 717 810 776 De
822 714 878 778 bec
891 718 1050 796 questione
1063 717 1163 800 suciis

152 808 267 871 dictam
284 813 329 868 est
347 804 381 864 ic
393 799 507 864 Moroli
521 800 540 863 l.
559 806 589 864 t.
603 821 638 863 n.
651 804 718 863 756.
734 809 763 862 ct
773 801 841 861 757.

194 895 244 956 28.
264 925 305 938 -
323 893 423 966 Qucer.
446 892 485 951 ll.
507 907 641 968 menam
658 898 701 948 εει
719 888 842 949 materia
863 897 893 949 et
913 888 1006 950 torma
1029 891 1163 952 ordinis?

156 981 229 1040 'tres
247 987 318 1037 sunt
342 976 503 1036 sententiae.
524 977 549 1035 l.
572 983 653 1034 tenet
675 974 828 1033 materiam
853 972 964 1034 ordinis
988 993 1049 1036 esse
1071 977 1164 1039 solam

157 1064 348 1124 traditionem
369 1061 654 1137 instrumentorum
668 1057 719 1119 sed
739 1058 801 1118 bare
823 1067 947 1119 nonest
969 1062 1038 1122 satis
1058 1063 1167 1142 proba-

158 1148 237 1208 bilis.
261 1148 300 1210 ll.
324 1154 404 1205 tenet
422 1146 576 1205 materiam
598 1146 762 1223 proximam
786 1161 848 1203 esse
868 1143 1016 1222 duplicem
1037 1148 1168 1226 intcgra-

158 1233 235 1306 lem,
253 1232 364 1291 seilicet
385 1229 575 1290 traditionem
591 1230 876 1304 instrumentorum,
898 1231 955 1306 qttci
977 1231 1104 1293 traditur
1117 1252 1166 1311 po·

155 1326 243 1378 testas
255 1334 345 1394 super
360 1331 466 1391 eorpus
481 1314 561 1373 reale
576 1314 644 1373 lesu
666 1311 773 1371 Christi
788 1312 824 1371 ad
843 1313 1082 1388 sacrificandum,
1096 1335 1164 1378 eum

155 1403 252 1462 torma
269 1419 278 1457 t
294 1396 398 1479 Accipe
414 1405 603 1479 potestatem,
620 1405 694 1469 ete,
714 1406 744 1456 ot
762 1397 981 1473 impositionem
1003 1418 1163 1473 manuum,

158 1489 216 1565 qui
235 1485 364 1558 traditur
382 1493 509 1563 potestas
529 1502 617 1563 super
633 1503 740 1562 corpus
753 1485 911 1561 mysticum
931 1485 968 1543 ad
985 1497 1099 1564 peccata
1114 1488 1166 1547 ab·

157 1571 318 1642 solvenda,
332 1588 399 1629 eum
412 1571 505 1630 torma
519 1590 527 1628 ι
543 1570 644 1651 Accipe
653 1568 800 1647 Spiritum
812 1576 948 1628 sanctum
961 1612 969 1641 ,
984 1577 1036 1630 etc.
1047 1572 1167 1631 Materia

158 1667 258 1719 autem
275 1664 391 1717 remota
407 1655 500 1734 (juxta
519 1654 595 1715 hanc
607 1653 795 1728 sententiam)
809 1663 878 1712 sunt
897 1671 1001 1712 marrus
1017 1656 1165 1735 Episcopi,

159 1754 190 1804 ct
206 1744 403 1802 instrumenta
420 1759 486 1817 qum
499 1739 538 1800 ad
548 1738 730 1815 tangendum
745 1735 782 1795 ab
796 1753 830 1795 eo
848 1736 1016 1796 traduntur.
1032 1740 1084 1797 lll.
1096 1741 1168 1801 Pro·

51 1859 56 1864 ·
158 1827 287 1889 habilior
311 1832 392 1885 tenet
407 1825 561 1884 materiam
580 1820 667 1881 unice
686 1836 748 1879 csse
768 1821 987 1898 impositionem
1005 1841 1167 1899 manuum;

156 1914 344 1987 formamque
365 1926 427 1969 esse
456 1910 619 1970 orationem
643 1923 731 1983 quana
755 1905 866 1983 proteri
896 1908 1054 1987 Episcopus
1075 1907 1166 1986 (Quo-

156 1994 245 2057 cnoclo
262 1994 315 2056 boe
328 1993 490 2076 probatur,
510 1990 637 2053 videndo
648 2011 716 2072 quoe
729 1989 809 2052 dieto
826 1999 897 2052 sciet
907 1991 972 2053 ttt.
986 1997 1015 2053 o.
1029 2012 1061 2053 ct.
1073 1992 1165 2072 tib),

157 2067 298 2143 Attamen
311 2078 381 2156 quia
394 2079 433 2137 11.
447 2078 590 2137 sententia
606 2087 649 2138 est
662 2078 750 2136 etiam
762 2074 938 2155 probabilis,
951 2095 1056 2158 nempe
1069 2079 1167 2158 dupli·

156 2181 225 2226 cem
245 2181 307 2223 esse
320 2163 473 2223 materiam
487 2163 620 2234 ordinis,
640 2164 750 2223 scilieet
771 2163 990 2242 impositionem
1005 2182 1166 2238 manuum,
1207 2157 1212 2166 '

155 2260 190 2311 ct
213 2246 402 2308 traditionem
425 2248 712 2319 instrumentorum,
739 2248 801 2327 ipsa
827 2247 950 2309 omuinb
972 2249 1004 2309 in
1024 2251 1107 2327 praxi
1127 2268 1167 2310 se·

157 2332 277 2411 quenda
294 2340 349 2392 est.
367 2331 452 2391 [lude
469 2332 630 2393 necessarii)
646 2333 810 2411 requiritur
822 2333 854 2392 in
869 2334 1056 2392 ordinatione
1074 2341 1168 2402 tactus

156 2415 448 2489 instrumentorum,
464 2426 495 2475 ct
515 2425 608 2477 tactus
622 2418 743 2495 quidem
764 2415 918 2496 physicus,
933 2415 1000 2477 oiim
1017 2416 1169 2495 probabile

157 2501 251 2562 etiam
271 2500 310 2560 sit
329 2500 472 2560 moralem
493 2519 553 2561 non
575 2503 718 2564 sufficere.
739 2500 853 2560 Sussicit
873 2499 944 2561 verb
967 2497 1088 2579 tangere
1108 2504 1168 2561 uni

155 2586 223 2647 soli
247 2604 356 2659 manu,
384 2585 431 2646 vel
454 2586 546 2664 digito
564 2585 653 2664 (lbicl.
673 2606 705 2644 n.
729 2585 1044 2661 745.).1t'0n·oportct
1068 2596 1168 2645 autern

157 2671 211 2748 (ut
224 2668 353 2731 diximus
373 2687 405 2731 ct.
428 2669 472 2749 6.)
492 2679 526 2729 ut
546 2680 695 2730 contactus
715 2668 768 2728 liat
789 2666 806 2726 i
827 2668 974 2746 principio
998 2670 1171 2747 prolationis

158 2755 268 2815 formae
286 2753 433 2831 usquead
452 2754 564 2826 tinem,
586 2752 638 2812 sed
658 2750 767 2811 suffieit
786 2751 810 2811 si
834 2750 885 2810 liet
905 2760 1061 2829 antequam
1077 2754 1170 2813 torma

158 2837 359 2910 terminetur,
373 2837 419 2897 vel
437 2848 593 2915 postquam
610 2837 659 2898 illa
679 2836 718 2896 sit
734 2836 858 2915 incepta.
873 2836 976 2895 Forma
990 2846 1087 2897 autem
1102 2846 1172 2899 sunt

158 2920 253 2981 verba
272 2939 338 2998 quae
352 2922 465 2999 profert
480 2924 639 3001 Episcopus
656 2919 813 2993 ordinans,
829 2917 897 2980 ciem
909 2938 1013 2981 manus
1025 2922 1170 3000 imponit,

159 3012 196 3065 et
211 3005 407 3066 instrumenta
420 3004 529 3079 tradit,
541 3015 575 3067 ut
585 3003 673 3084 supe'a
686 3003 799 3065 dictum
812 3013 867 3064 est.
878 3002 987 3064 Sedulo
1004 3002 1053 3064 hlc
1068 3000 1172 3063 rurstis

162 3085 331 3157 notandum
351 3090 380 3148 l.
396 3088 475 3168 qubd
494 3091 527 3151 in
550 3090 654 3152 ordine
673 3107 756 3150 sacro
776 3088 954 3150 conterendo
975 3088 1095 3149 materia
1114 3095 1173 3145 tra·

163 3171 263 3233 denda
284 3182 328 3234 ost
350 3173 388 3235 ab
413 3175 517 3235 eodem
535 3176 702 3253 Episcopo,
724 3174 775 3252 qui
792 3175 919 3236 sormam
939 3174 1071 3251 profert,
1091 3168 1174 3231 sectis

164 3258 201 3317 iu
221 3255 377 3318 collatione
394 3259 534 3320 ordinum
556 3261 708 3320 minorum
727 3280 735 3319 ι
753 3260 793 3319 ita
813 3261 855 3320 D.
876 3257 931 3319 Tb.
949 3255 1064 3338 (Suppt.
1079 3273 1108 3339 q.
1124 3257 1172 3316 58.

164 3346 227 3401 ctrt.
237 3339 316 3402 tad
326 3341 371 3421 2.)
384 3350 413 3403 ct
422 3340 489 3403 otii.
505 3345 675 3404 Notandum
689 3346 719 3403 ⁶2.
734 3343 813 3421 qubd
825 3345 848 3402 si
860 3343 1046 3402 conterantur
1058 3340 1174 3401 ordinet

165 3423 205 3484 ab
214 3442 275 3485 uno
285 3426 428 3507 Episcopo
439 3472 448 3499 ‚
460 3428 518 3487 alio
530 3438 628 3488 tamen
643 3428 811 3487 celebrante
819 3471 827 3501 ,
835 3427 981 3488 ordinatio
995 3425 1051 3487 erit
1063 3424 1175 3498 valida,

164 3508 216 3568 sed
235 3509 360 3583 illicita,
379 3521 414 3572 ut
432 3513 591 3574 declaravit
605 3516 708 3575 Ictttoc.
725 3513 822 3577 XIII.
839 3512 916 3592 apud
925 3508 1071 3575 Benedici.
1085 3511 1134 3574 XI
1140 3512 1175 3572 V.

163 3593 221 3676 (De
231 3590 343 3676 Sgttwd.
357 3592 380 3657 I.
396 3598 426 3658 8.
439 3616 461 3658 a
483 3599 531 3659 ll.
545 3616 579 3659 aa.
594 3598 649 3678 7.).
