<?xml version="1.0" encoding="UTF-8"?>
<!DOCTYPE html PUBLIC "-//W3C//DTD XHTML 1.0 Transitional//EN"
    "http://www.w3.org/TR/xhtml1/DTD/xhtml1-transitional.dtd">
<html xmlns="http://www.w3.org/1999/xhtml" xml:lang="en" lang="en">
 <head>
  <title>
</title>
<meta http-equiv="Content-Type" content="text/html;charset=utf-8" />
  <meta name='ocr-system' content='tesseract 3.04.00' />
  <meta name='ocr-capabilities' content='ocr_page ocr_carea ocr_par ocr_line ocrx_word'/>
</head>
<body>
  <div class='ocr_page' id='page_1' title='image "./theologiamorali05heilgoog_0198.png"; bbox 0 0 2642 4167; ppageno 0'>
   <div class='ocr_carea' id='block_1_1' title="bbox 166 151 820 237">
    <p class='ocr_par' dir='ltr' id='par_1_1' title="bbox 166 151 820 237">
     <span class='ocr_line' id='line_1_1' title="bbox 166 151 820 237; baseline 0 -2"><span class='ocrx_word' id='word_1_1' title='bbox 166 151 224 236; x_wconf 68' lang='lat'><strong><em>192</em></strong></span> <span class='ocrx_word' id='word_1_2' title='bbox 634 172 729 237; x_wconf 77' lang='lat' dir='ltr'><strong><em>Irrder</em></strong></span> <span class='ocrx_word' id='word_1_3' title='bbox 817 209 820 213; x_wconf 94' lang='lat'>·</span> 
     </span>
    </p>
   </div>
   <div class='ocr_carea' id='block_1_2' title="bbox 166 270 1174 444">
    <p class='ocr_par' dir='ltr' id='par_1_2' title="bbox 166 270 1174 444">
     <span class='ocr_line' id='line_1_2' title="bbox 166 270 1173 359; baseline -0.003 -23"><span class='ocrx_word' id='word_1_4' title='bbox 166 276 250 337; x_wconf 83' lang='lat' dir='ltr'><strong><em>Circo</em></strong></span> <span class='ocrx_word' id='word_1_5' title='bbox 269 277 320 339; x_wconf 87' lang='lat' dir='ltr'><strong><em>IV.</em></strong></span> <span class='ocrx_word' id='word_1_6' title='bbox 337 282 525 358; x_wconf 76' lang='lat' dir='ltr'><strong><em>precaeptum.</em></strong></span> <span class='ocrx_word' id='word_1_7' title='bbox 543 274 601 338; x_wconf 77' lang='lat' dir='ltr'><strong><em>oti</em></strong></span> <span class='ocrx_word' id='word_1_8' title='bbox 611 276 712 359; x_wconf 64' lang='lat' dir='ltr'><strong><em>agitur</em></strong></span> <span class='ocrx_word' id='word_1_9' title='bbox 723 274 758 337; x_wconf 90' lang='lat' dir='ltr'><strong><em>de</em></strong></span> <span class='ocrx_word' id='word_1_10' title='bbox 771 272 945 355; x_wconf 66' lang='lat' dir='ltr'><strong><em>obductione</em></strong></span> <span class='ocrx_word' id='word_1_11' title='bbox 956 270 1089 352; x_wconf 79' lang='lat' dir='ltr'><strong><em>fitiorum</em></strong></span> <span class='ocrx_word' id='word_1_12' title='bbox 1101 291 1173 352; x_wconf 77' lang='lat' dir='ltr'><strong><em>erpa</em></strong></span> 
     </span>
     <span class='ocr_line' id='line_1_3' title="bbox 278 355 1174 444; baseline -0.007 -23"><span class='ocrx_word' id='word_1_13' title='bbox 278 361 480 441; x_wconf 70' lang='lat' dir='ltr'><strong><em>peritomen.</em></strong></span> <span class='ocrx_word' id='word_1_14' title='bbox 497 363 546 423; x_wconf 83' lang='grc'><strong><em>54.</em></strong></span> <span class='ocrx_word' id='word_1_15' title='bbox 561 364 603 422; x_wconf 82' lang='lat' dir='ltr'><strong><em>Et</em></strong></span> <span class='ocrx_word' id='word_1_16' title='bbox 620 361 787 444; x_wconf 74' lang='lat' dir='ltr'><strong><em>penitorum</em></strong></span> <span class='ocrx_word' id='word_1_17' title='bbox 805 378 875 440; x_wconf 75' lang='lat' dir='ltr'><strong><em>erpa</em></strong></span> <span class='ocrx_word' id='word_1_18' title='bbox 891 355 991 439; x_wconf 79' lang='lat' dir='ltr'><strong><em>filim,-</em></strong></span> <span class='ocrx_word' id='word_1_19' title='bbox 1005 357 1086 419; x_wconf 77' lang='lat' dir='ltr'><strong><em>acne</em></strong></span> <span class='ocrx_word' id='word_1_20' title='bbox 1098 355 1174 420; x_wconf 84' lang='lat' dir='ltr'><strong><em>obti-</em></strong></span> 
     </span>
    </p>
   </div>
   <div class='ocr_carea' id='block_1_3' title="bbox 165 444 1185 2214">
    <p class='ocr_par' dir='ltr' id='par_1_3' title="bbox 279 444 1116 526">
     <span class='ocr_line' id='line_1_4' title="bbox 279 444 1116 526; baseline 0 -21"><span class='ocrx_word' id='word_1_21' title='bbox 279 447 397 525; x_wconf 77' lang='lat' dir='ltr'><strong><em>9atione</em></strong></span> <span class='ocrx_word' id='word_1_22' title='bbox 419 453 524 505; x_wconf 86' lang='lat' dir='ltr'><strong><em>mutuo</em></strong></span> <span class='ocrx_word' id='word_1_23' title='bbox 540 444 709 526; x_wconf 79' lang='lat' dir='ltr'><strong><em>conjnparn.</em></strong></span> <span class='ocrx_word' id='word_1_24' title='bbox 724 463 757 505; x_wconf 90' lang='lat' dir='ltr'><strong><em>n.</em></strong></span> <span class='ocrx_word' id='word_1_25' title='bbox 772 447 821 505; x_wconf 97' lang='grc'><strong><em>55.</em></strong></span> <span class='ocrx_word' id='word_1_26' title='bbox 1114 489 1116 492; x_wconf 75' lang='lat'>·</span> 
     </span>
    </p>

    <p class='ocr_par' dir='ltr' id='par_1_4' title="bbox 165 524 1177 864">
     <span class='ocr_line' id='line_1_5' title="bbox 165 524 1173 611; baseline -0.004 -20"><span class='ocrx_word' id='word_1_27' title='bbox 165 528 249 591; x_wconf 81' lang='lat' dir='ltr'><strong><em>Circa</em></strong></span> <span class='ocrx_word' id='word_1_28' title='bbox 269 531 306 589; x_wconf 88' lang='lat' dir='ltr'><strong><em>V.</em></strong></span> <span class='ocrx_word' id='word_1_29' title='bbox 326 539 513 611; x_wconf 79' lang='lat' dir='ltr'><strong><em>precaeptum.</em></strong></span> <span class='ocrx_word' id='word_1_30' title='bbox 531 529 588 593; x_wconf 84' lang='lat' dir='ltr'><strong><em>Ubi</em></strong></span> <span class='ocrx_word' id='word_1_31' title='bbox 604 532 706 611; x_wconf 74' lang='lat' dir='ltr'><strong><em>apitnr</em></strong></span> <span class='ocrx_word' id='word_1_32' title='bbox 723 530 820 611; x_wconf 82' lang='lat' dir='ltr'><strong><em>prirnd</em></strong></span> <span class='ocrx_word' id='word_1_33' title='bbox 833 527 867 590; x_wconf 90' lang='lat' dir='ltr'><strong><em>de</em></strong></span> <span class='ocrx_word' id='word_1_34' title='bbox 879 525 1030 590; x_wconf 78' lang='lat' dir='ltr'><strong><em>desideriis</em></strong></span> <span class='ocrx_word' id='word_1_35' title='bbox 1047 524 1173 587; x_wconf 90' lang='lat' dir='ltr'><strong><em>damno-</em></strong></span> 
     </span>
     <span class='ocr_line' id='line_1_6' title="bbox 281 608 1177 696; baseline -0.004 -21"><span class='ocrx_word' id='word_1_36' title='bbox 281 629 351 675; x_wconf 83' lang='lat' dir='ltr'><strong><em>rnm</em></strong></span> <span class='ocrx_word' id='word_1_37' title='bbox 370 614 511 696; x_wconf 76' lang='lat' dir='ltr'><strong><em>proximi.</em></strong></span> <span class='ocrx_word' id='word_1_38' title='bbox 534 634 567 675; x_wconf 91' lang='lat' dir='ltr'><strong><em>n.</em></strong></span> <span class='ocrx_word' id='word_1_39' title='bbox 590 617 639 675; x_wconf 89' lang='grc'><strong><em>56.</em></strong></span> <span class='ocrx_word' id='word_1_40' title='bbox 662 612 793 676; x_wconf 77' lang='lat' dir='ltr'><strong><em>Secundi</em></strong></span> <span class='ocrx_word' id='word_1_41' title='bbox 812 608 1067 683; x_wconf 68' lang='lat' dir='ltr'><strong><em>decantandis,</em></strong></span> <span class='ocrx_word' id='word_1_42' title='bbox 1090 619 1118 672; x_wconf 91' lang='lat' dir='ltr'><strong><em>et</em></strong></span> <span class='ocrx_word' id='word_1_43' title='bbox 1137 611 1177 671; x_wconf 87' lang='lat' dir='ltr'><strong><em>do</em></strong></span> 
     </span>
     <span class='ocr_line' id='line_1_7' title="bbox 280 694 1175 778; baseline -0.003 -17"><span class='ocrx_word' id='word_1_44' title='bbox 280 695 455 778; x_wconf 77' lang='lat' dir='ltr'><strong><em>oblipatione</em></strong></span> <span class='ocrx_word' id='word_1_45' title='bbox 467 698 639 760; x_wconf 86' lang='lat' dir='ltr'><strong><em>restituendi</em></strong></span> <span class='ocrx_word' id='word_1_46' title='bbox 648 697 786 759; x_wconf 81' lang='lat' dir='ltr'><em>honorem</em></span> <span class='ocrx_word' id='word_1_47' title='bbox 802 694 945 759; x_wconf 86' lang='lat' dir='ltr'><strong><em>ablatam.</em></strong></span> <span class='ocrx_word' id='word_1_48' title='bbox 960 715 992 755; x_wconf 90' lang='lat' dir='ltr'><strong><em>n.</em></strong></span> <span class='ocrx_word' id='word_1_49' title='bbox 1010 696 1057 756; x_wconf 86' lang='grc'><strong><em>57.</em></strong></span> <span class='ocrx_word' id='word_1_50' title='bbox 1076 698 1175 758; x_wconf 80' lang='lat' dir='ltr'><strong><em>Tertii</em></strong></span> 
     </span>
     <span class='ocr_line' id='line_1_8' title="bbox 281 780 1172 864; baseline -0.006 -19"><span class='ocrx_word' id='word_1_51' title='bbox 281 782 316 845; x_wconf 88' lang='lat' dir='ltr'><strong><em>de</em></strong></span> <span class='ocrx_word' id='word_1_52' title='bbox 332 783 501 845; x_wconf 79' lang='lat' dir='ltr'><strong><em>remissione</em></strong></span> <span class='ocrx_word' id='word_1_53' title='bbox 512 783 694 864; x_wconf 83' lang='lat' dir='ltr'><strong><em>injuriarum</em></strong></span> <span class='ocrx_word' id='word_1_54' title='bbox 707 780 846 864; x_wconf 79' lang='lat' dir='ltr'><strong><em>facienda</em></strong></span> <span class='ocrx_word' id='word_1_55' title='bbox 858 780 1060 861; x_wconf 77' lang='lat' dir='ltr'><strong><em>offensoribus.</em></strong></span> <span class='ocrx_word' id='word_1_56' title='bbox 1073 799 1105 840; x_wconf 88' lang='lat' dir='ltr'><strong><em>n.</em></strong></span> <span class='ocrx_word' id='word_1_57' title='bbox 1121 782 1172 841; x_wconf 84' lang='lat'><strong><em>58.</em></strong></span> 
     </span>
    </p>

    <p class='ocr_par' dir='ltr' id='par_1_5' title="bbox 165 863 880 949">
     <span class='ocr_line' id='line_1_9' title="bbox 165 863 880 949; baseline -0.006 -21"><span class='ocrx_word' id='word_1_58' title='bbox 165 863 247 928; x_wconf 70' lang='lat' dir='ltr'><strong><em>Circi</em></strong></span> <span class='ocrx_word' id='word_1_59' title='bbox 265 869 317 929; x_wconf 89' lang='lat' dir='ltr'><strong><em>v1.</em></strong></span> <span class='ocrx_word' id='word_1_60' title='bbox 337 876 367 928; x_wconf 84' lang='lat' dir='ltr'><strong><em>et</em></strong></span> <span class='ocrx_word' id='word_1_61' title='bbox 386 869 438 927; x_wconf 86' lang='lat' dir='ltr'><strong><em>lX.</em></strong></span> <span class='ocrx_word' id='word_1_62' title='bbox 455 877 643 949; x_wconf 81' lang='lat' dir='ltr'><strong><em>pracepnmi.</em></strong></span> <span class='ocrx_word' id='word_1_63' title='bbox 663 886 694 927; x_wconf 88' lang='lat' dir='ltr'><strong><em>n.</em></strong></span> <span class='ocrx_word' id='word_1_64' title='bbox 713 869 761 927; x_wconf 82' lang='grc'><strong><em>56.</em></strong></span> <span class='ocrx_word' id='word_1_65' title='bbox 776 874 804 927; x_wconf 93' lang='lat' dir='ltr'><strong><em>et</em></strong></span> <span class='ocrx_word' id='word_1_66' title='bbox 819 884 880 945; x_wconf 84' lang='lat' dir='ltr'><strong><em>seq.</em></strong></span> 
     </span>
    </p>

    <p class='ocr_par' dir='ltr' id='par_1_6' title="bbox 166 946 1175 1115">
     <span class='ocr_line' id='line_1_10' title="bbox 166 946 1175 1032; baseline -0.004 -20"><span class='ocrx_word' id='word_1_67' title='bbox 166 952 247 1013; x_wconf 83' lang='lat' dir='ltr'><strong><em>Circa</em></strong></span> <span class='ocrx_word' id='word_1_68' title='bbox 263 953 329 1011; x_wconf 89' lang='lat' dir='ltr'><strong><em>Vll.</em></strong></span> <span class='ocrx_word' id='word_1_69' title='bbox 347 959 533 1032; x_wconf 84' lang='lat' dir='ltr'><strong><em>praceptam.</em></strong></span> <span class='ocrx_word' id='word_1_70' title='bbox 554 951 610 1013; x_wconf 85' lang='lat' dir='ltr'><strong><em>Ubi</em></strong></span> <span class='ocrx_word' id='word_1_71' title='bbox 629 951 731 1031; x_wconf 73' lang='lat' dir='ltr'><strong><em>apitur</em></strong></span> <span class='ocrx_word' id='word_1_72' title='bbox 744 949 778 1011; x_wconf 92' lang='lat' dir='ltr'><strong><em>de</em></strong></span> <span class='ocrx_word' id='word_1_73' title='bbox 794 948 932 1031; x_wconf 80' lang='lat' dir='ltr'><strong><em>pluribus</em></strong></span> <span class='ocrx_word' id='word_1_74' title='bbox 948 946 1089 1011; x_wconf 77' lang='lat' dir='ltr'><strong><em>doctrinis</em></strong></span> <span class='ocrx_word' id='word_1_75' title='bbox 1099 966 1175 1030; x_wconf 87' lang='lat' dir='ltr'><strong><em>pra·</em></strong></span> 
     </span>
     <span class='ocr_line' id='line_1_11' title="bbox 282 1034 1172 1115; baseline -0.002 -20"><span class='ocrx_word' id='word_1_76' title='bbox 282 1035 362 1096; x_wconf 87' lang='lat' dir='ltr'><strong><em>cticis</em></strong></span> <span class='ocrx_word' id='word_1_77' title='bbox 373 1034 472 1115; x_wconf 79' lang='lat' dir='ltr'><strong><em>quood</em></strong></span> <span class='ocrx_word' id='word_1_78' title='bbox 480 1035 565 1114; x_wconf 73' lang='lat' dir='ltr'><strong><em>lirrtn</em></strong></span> <span class='ocrx_word' id='word_1_79' title='bbox 575 1045 603 1095; x_wconf 92' lang='lat' dir='ltr'><strong><em>et</em></strong></span> <span class='ocrx_word' id='word_1_80' title='bbox 612 1035 807 1096; x_wconf 68' lang='lat' dir='ltr'><strong><em>restitutiones</em></strong></span> <span class='ocrx_word' id='word_1_81' title='bbox 818 1034 969 1095; x_wconf 75' lang='lat' dir='ltr'><strong><em>bannorum.</em></strong></span> <span class='ocrx_word' id='word_1_82' title='bbox 979 1054 1010 1094; x_wconf 89' lang='lat' dir='ltr'><strong><em>n.</em></strong></span> <span class='ocrx_word' id='word_1_83' title='bbox 1020 1038 1067 1093; x_wconf 72' lang='lat'><strong><em>42.</em></strong></span> <span class='ocrx_word' id='word_1_84' title='bbox 1075 1043 1102 1094; x_wconf 87' lang='lat' dir='ltr'><strong><em>ot</em></strong></span> <span class='ocrx_word' id='word_1_85' title='bbox 1111 1052 1172 1113; x_wconf 86' lang='lat' dir='ltr'><strong><em>seq.</em></strong></span> 
     </span>
    </p>

    <p class='ocr_par' dir='ltr' id='par_1_7' title="bbox 166 1116 1178 1369">
     <span class='ocr_line' id='line_1_12' title="bbox 166 1116 1178 1200; baseline -0.002 -21"><span class='ocrx_word' id='word_1_86' title='bbox 166 1117 248 1179; x_wconf 82' lang='lat' dir='ltr'><strong><em>Circo</em></strong></span> <span class='ocrx_word' id='word_1_87' title='bbox 265 1120 346 1179; x_wconf 86' lang='lat' dir='ltr'><strong><em>VIII.</em></strong></span> <span class='ocrx_word' id='word_1_88' title='bbox 360 1128 552 1200; x_wconf 72' lang='lat' dir='ltr'><strong><em>proseptum.</em></strong></span> <span class='ocrx_word' id='word_1_89' title='bbox 571 1119 627 1181; x_wconf 84' lang='lat' dir='ltr'><strong><em>Ubi</em></strong></span> <span class='ocrx_word' id='word_1_90' title='bbox 646 1121 747 1198; x_wconf 80' lang='lat' dir='ltr'><strong><em>apitur</em></strong></span> <span class='ocrx_word' id='word_1_91' title='bbox 762 1118 797 1180; x_wconf 89' lang='lat' dir='ltr'><strong><em>de</em></strong></span> <span class='ocrx_word' id='word_1_92' title='bbox 813 1116 987 1199; x_wconf 75' lang='lat' dir='ltr'><strong><em>oiiipatione</em></strong></span> <span class='ocrx_word' id='word_1_93' title='bbox 1003 1118 1178 1179; x_wconf 83' lang='lat' dir='ltr'><strong><em>restituendi</em></strong></span> 
     </span>
     <span class='ocr_line' id='line_1_13' title="bbox 281 1202 1177 1286; baseline 0.003 -24"><span class='ocrx_word' id='word_1_94' title='bbox 281 1202 408 1284; x_wconf 78' lang='lat' dir='ltr'><strong><em>somam.</em></strong></span> <span class='ocrx_word' id='word_1_95' title='bbox 424 1224 455 1264; x_wconf 87' lang='lat' dir='ltr'><strong><em>n.</em></strong></span> <span class='ocrx_word' id='word_1_96' title='bbox 467 1208 517 1265; x_wconf 88' lang='grc'><strong><em>45.</em></strong></span> <span class='ocrx_word' id='word_1_97' title='bbox 531 1208 572 1265; x_wconf 83' lang='lat' dir='ltr'><strong><em>Et</em></strong></span> <span class='ocrx_word' id='word_1_98' title='bbox 582 1204 616 1265; x_wconf 90' lang='lat' dir='ltr'><strong><em>dc</em></strong></span> <span class='ocrx_word' id='word_1_99' title='bbox 628 1204 754 1286; x_wconf 80' lang='lat' dir='ltr'><strong><em>judiciis</em></strong></span> <span class='ocrx_word' id='word_1_100' title='bbox 769 1202 942 1265; x_wconf 86' lang='lat' dir='ltr'><strong><em>temerariis.</em></strong></span> <span class='ocrx_word' id='word_1_101' title='bbox 956 1223 988 1264; x_wconf 88' lang='lat' dir='ltr'><strong><em>n.</em></strong></span> <span class='ocrx_word' id='word_1_102' title='bbox 999 1206 1049 1265; x_wconf 87' lang='grc'><strong><em>46.</em></strong></span> <span class='ocrx_word' id='word_1_103' title='bbox 1061 1204 1177 1282; x_wconf 81' lang='lat' dir='ltr'><strong><em>Ilioque</em></strong></span> 
     </span>
     <span class='ocr_line' id='line_1_14' title="bbox 268 1284 869 1369; baseline 0 -22"><span class='ocrx_word' id='word_1_104' title='bbox 268 1284 387 1369; x_wconf 69' lang='lat' dir='ltr'><strong><em>‘aliquo</em></strong></span> <span class='ocrx_word' id='word_1_105' title='bbox 405 1288 559 1349; x_wconf 87' lang='lat' dir='ltr'><strong><em>adduntur</em></strong></span> <span class='ocrx_word' id='word_1_106' title='bbox 580 1289 615 1349; x_wconf 90' lang='lat' dir='ltr'><strong><em>de</em></strong></span> <span class='ocrx_word' id='word_1_107' title='bbox 629 1289 759 1369; x_wconf 77' lang='lat' dir='ltr'><strong><em>jejunio.</em></strong></span> <span class='ocrx_word' id='word_1_108' title='bbox 775 1309 806 1349; x_wconf 90' lang='lat' dir='ltr'><strong><em>n.</em></strong></span> <span class='ocrx_word' id='word_1_109' title='bbox 820 1290 869 1348; x_wconf 90' lang='grc'><strong><em>47.</em></strong></span> 
     </span>
    </p>

    <p class='ocr_par' dir='ltr' id='par_1_8' title="bbox 168 1369 1185 2214">
     <span class='ocr_line' id='line_1_15' title="bbox 168 1369 1177 1455; baseline 0.005 -24"><span class='ocrx_word' id='word_1_110' title='bbox 168 1369 239 1449; x_wconf 83' lang='lat' dir='ltr'><strong><em>Cap.</em></strong></span> <span class='ocrx_word' id='word_1_111' title='bbox 256 1372 309 1431; x_wconf 91' lang='lat' dir='ltr'><strong><em>Ill.</em></strong></span> <span class='ocrx_word' id='word_1_112' title='bbox 329 1374 375 1432; x_wconf 87' lang='lat' dir='ltr'><strong><em>De</em></strong></span> <span class='ocrx_word' id='word_1_113' title='bbox 396 1372 675 1455; x_wconf 79' lang='lat' dir='ltr'><strong><em>interropationibas</em></strong></span> <span class='ocrx_word' id='word_1_114' title='bbox 694 1372 867 1434; x_wconf 80' lang='lat' dir='ltr'><strong><em>aciliibcndis</em></strong></span> <span class='ocrx_word' id='word_1_115' title='bbox 883 1390 948 1433; x_wconf 84' lang='lat' dir='ltr'><strong><em>curn</em></strong></span> <span class='ocrx_word' id='word_1_116' title='bbox 969 1373 1177 1453; x_wconf 80' lang='lat' dir='ltr'><strong><em>poenitentibus</em></strong></span> 
     </span>
     <span class='ocr_line' id='line_1_16' title="bbox 283 1452 1179 1542; baseline 0.002 -25"><span class='ocrx_word' id='word_1_117' title='bbox 283 1454 391 1542; x_wconf 78' lang='lat' dir='ltr'><strong><em>diversi</em></strong></span> <span class='ocrx_word' id='word_1_118' title='bbox 401 1462 497 1519; x_wconf 80' lang='lat' dir='ltr'><strong><em>statiis</em></strong></span> <span class='ocrx_word' id='word_1_119' title='bbox 504 1504 513 1534; x_wconf 89' lang='lat'><em>‚</em></span> <span class='ocrx_word' id='word_1_120' title='bbox 525 1466 553 1518; x_wconf 87' lang='lat' dir='ltr'><strong><em>et</em></strong></span> <span class='ocrx_word' id='word_1_121' title='bbox 562 1457 739 1519; x_wconf 90' lang='lat' dir='ltr'><strong><em>conditionis</em></strong></span> <span class='ocrx_word' id='word_1_122' title='bbox 749 1503 757 1529; x_wconf 89' lang='lat'>‚</span> <span class='ocrx_word' id='word_1_123' title='bbox 768 1452 822 1537; x_wconf 76' lang='lat' dir='ltr'><strong><em>qni</em></strong></span> <span class='ocrx_word' id='word_1_124' title='bbox 832 1466 902 1518; x_wconf 88' lang='lat' dir='ltr'><strong><em>sunt</em></strong></span> <span class='ocrx_word' id='word_1_125' title='bbox 912 1457 1086 1539; x_wconf 72' lang='lat' dir='ltr'><strong><em>nepiipentes</em></strong></span> <span class='ocrx_word' id='word_1_126' title='bbox 1096 1460 1179 1519; x_wconf 84' lang='lat' dir='ltr'><strong><em>circa</em></strong></span> 
     </span>
     <span class='ocr_line' id='line_1_17' title="bbox 284 1540 1181 1625; baseline 0.002 -26"><span class='ocrx_word' id='word_1_127' title='bbox 284 1558 331 1601; x_wconf 90' lang='lat' dir='ltr'><strong><em>res</em></strong></span> <span class='ocrx_word' id='word_1_128' title='bbox 352 1540 393 1603; x_wconf 90' lang='lat' dir='ltr'><strong><em>od</em></strong></span> <span class='ocrx_word' id='word_1_129' title='bbox 408 1542 613 1603; x_wconf 84' lang='lat' dir='ltr'><strong><em>conscientiam</em></strong></span> <span class='ocrx_word' id='word_1_130' title='bbox 631 1550 801 1625; x_wconf 86' lang='lat' dir='ltr'><strong><em>spectantes.</em></strong></span> <span class='ocrx_word' id='word_1_131' title='bbox 822 1545 865 1603; x_wconf 84' lang='lat' dir='ltr'><strong><em>Et</em></strong></span> <span class='ocrx_word' id='word_1_132' title='bbox 887 1546 914 1603; x_wconf 92' lang='lat' dir='ltr'><strong><em>I.</em></strong></span> <span class='ocrx_word' id='word_1_133' title='bbox 932 1545 1005 1601; x_wconf 82' lang='lat' dir='ltr'><strong><em>Corn</em></strong></span> <span class='ocrx_word' id='word_1_134' title='bbox 1019 1541 1181 1603; x_wconf 83' lang='lat' dir='ltr'><strong><em>sacerdoti-</em></strong></span> 
     </span>
     <span class='ocr_line' id='line_1_18' title="bbox 285 1624 1181 1706; baseline -0.002 -17"><span class='ocrx_word' id='word_1_135' title='bbox 285 1624 350 1689; x_wconf 80' lang='lat' dir='ltr'><strong><em>dns.</em></strong></span> <span class='ocrx_word' id='word_1_136' title='bbox 374 1645 407 1687; x_wconf 90' lang='lat' dir='ltr'><strong><em>n.</em></strong></span> <span class='ocrx_word' id='word_1_137' title='bbox 428 1628 477 1688; x_wconf 84' lang='grc'><strong><em>49.</em></strong></span> <span class='ocrx_word' id='word_1_138' title='bbox 495 1629 543 1687; x_wconf 90' lang='lat' dir='ltr'><strong><em>II.</em></strong></span> <span class='ocrx_word' id='word_1_139' title='bbox 568 1629 641 1687; x_wconf 86' lang='lat' dir='ltr'><strong><em>Cum</em></strong></span> <span class='ocrx_word' id='word_1_140' title='bbox 664 1625 863 1706; x_wconf 75' lang='lat' dir='ltr'><strong><em>confessoriis.</em></strong></span> <span class='ocrx_word' id='word_1_141' title='bbox 888 1645 920 1687; x_wconf 88' lang='lat' dir='ltr'><strong><em>n.</em></strong></span> <span class='ocrx_word' id='word_1_142' title='bbox 942 1628 990 1687; x_wconf 79' lang='grc'><strong><em>54.</em></strong></span> <span class='ocrx_word' id='word_1_143' title='bbox 1012 1628 1075 1688; x_wconf 90' lang='lat' dir='ltr'><strong><em>III.</em></strong></span> <span class='ocrx_word' id='word_1_144' title='bbox 1100 1629 1181 1687; x_wconf 82' lang='lat' dir='ltr'><strong><em>Cum</em></strong></span> 
     </span>
     <span class='ocr_line' id='line_1_19' title="bbox 282 1710 1182 1792; baseline 0.002 -22"><span class='ocrx_word' id='word_1_145' title='bbox 282 1710 430 1792; x_wconf 78' lang='lat' dir='ltr'><strong><em>parociis.</em></strong></span> <span class='ocrx_word' id='word_1_146' title='bbox 447 1732 478 1772; x_wconf 89' lang='lat' dir='ltr'><strong><em>n.</em></strong></span> <span class='ocrx_word' id='word_1_147' title='bbox 499 1713 547 1772; x_wconf 72' lang='grc'><strong><em>57.</em></strong></span> <span class='ocrx_word' id='word_1_148' title='bbox 566 1714 585 1772; x_wconf 96' lang='lat' dir='ltr'><strong><em>I</em></strong></span> <span class='ocrx_word' id='word_1_149' title='bbox 589 1714 623 1773; x_wconf 90' lang='lat' dir='ltr'><strong><em>V.</em></strong></span> <span class='ocrx_word' id='word_1_150' title='bbox 641 1713 717 1771; x_wconf 86' lang='lat' dir='ltr'><strong><em>Cum</em></strong></span> <span class='ocrx_word' id='word_1_151' title='bbox 735 1711 901 1792; x_wconf 87' lang='lat' dir='ltr'><strong><em>Episcopis.</em></strong></span> <span class='ocrx_word' id='word_1_152' title='bbox 915 1715 957 1771; x_wconf 88' lang='lat' dir='ltr'><strong><em>n.</em></strong></span> <span class='ocrx_word' id='word_1_153' title='bbox 976 1714 1024 1771; x_wconf 84' lang='grc'><strong><em>55.</em></strong></span> <span class='ocrx_word' id='word_1_154' title='bbox 1043 1714 1078 1772; x_wconf 88' lang='lat' dir='ltr'><strong><em>V.</em></strong></span> <span class='ocrx_word' id='word_1_155' title='bbox 1101 1712 1182 1772; x_wconf 86' lang='lat' dir='ltr'><strong><em>Cam</em></strong></span> 
     </span>
     <span class='ocr_line' id='line_1_20' title="bbox 284 1792 1183 1878; baseline -0.001 -22"><span class='ocrx_word' id='word_1_156' title='bbox 284 1793 595 1857; x_wconf 69' lang='lat' dir='ltr'><strong><em>Martinianum.</em></strong></span> <span class='ocrx_word' id='word_1_157' title='bbox 616 1798 670 1859; x_wconf 84' lang='grc'><strong><em>71.</em></strong></span> <span class='ocrx_word' id='word_1_158' title='bbox 687 1800 760 1858; x_wconf 84' lang='lat' dir='ltr'><strong><em>Cum</em></strong></span> <span class='ocrx_word' id='word_1_159' title='bbox 774 1790 943 1878; x_wconf 75' lang='lat' dir='ltr'><strong><em>jndicibus,</em></strong></span> <span class='ocrx_word' id='word_1_160' title='bbox 964 1805 992 1857; x_wconf 90' lang='lat' dir='ltr'><strong><em>et</em></strong></span> <span class='ocrx_word' id='word_1_161' title='bbox 1013 1792 1183 1857; x_wconf 81' lang='lat' dir='ltr'><strong><em>tabellioni-</em></strong></span> 
     </span>
     <span class='ocr_line' id='line_1_21' title="bbox 285 1877 1182 1942; baseline 0.001 -2"><span class='ocrx_word' id='word_1_162' title='bbox 285 1877 348 1940; x_wconf 78' lang='lat' dir='ltr'><strong><em>ons.</em></strong></span> <span class='ocrx_word' id='word_1_163' title='bbox 370 1899 400 1939; x_wconf 92' lang='lat' dir='ltr'><strong><em>n.</em></strong></span> <span class='ocrx_word' id='word_1_164' title='bbox 425 1882 461 1941; x_wconf 88' lang='grc'><strong><em>55</em></strong></span> <span class='ocrx_word' id='word_1_165' title='bbox 480 1889 508 1940; x_wconf 90' lang='lat' dir='ltr'><strong><em>et</em></strong></span> <span class='ocrx_word' id='word_1_166' title='bbox 529 1883 577 1940; x_wconf 88' lang='grc'><strong><em>56.</em></strong></span> <span class='ocrx_word' id='word_1_167' title='bbox 603 1882 676 1942; x_wconf 87' lang='grc'><strong>711.</strong></span> <span class='ocrx_word' id='word_1_168' title='bbox 700 1885 773 1941; x_wconf 83' lang='lat' dir='ltr'><strong><em>Cum</em></strong></span> <span class='ocrx_word' id='word_1_169' title='bbox 795 1880 924 1942; x_wconf 86' lang='lat' dir='ltr'><strong><em>medicis.</em></strong></span> <span class='ocrx_word' id='word_1_170' title='bbox 945 1901 976 1941; x_wconf 86' lang='lat' dir='ltr'><strong><em>a.</em></strong></span> <span class='ocrx_word' id='word_1_171' title='bbox 999 1883 1047 1941; x_wconf 90' lang='grc'><strong><em>57.</em></strong></span> <span class='ocrx_word' id='word_1_172' title='bbox 1068 1883 1109 1939; x_wconf 81' lang='lat' dir='ltr'><strong><em>Et</em></strong></span> <span class='ocrx_word' id='word_1_173' title='bbox 1127 1880 1182 1941; x_wconf 75' lang='lat' dir='ltr'><strong><em>Iria</em></strong></span> 
     </span>
     <span class='ocr_line' id='line_1_22' title="bbox 285 1962 1185 2047; baseline 0.002 -25"><span class='ocrx_word' id='word_1_174' title='bbox 285 1962 435 2043; x_wconf 81' lang='lat' dir='ltr'><strong><em>speciatim</em></strong></span> <span class='ocrx_word' id='word_1_175' title='bbox 450 1963 550 2045; x_wconf 77' lang='lat' dir='ltr'><strong><em>apituc</em></strong></span> <span class='ocrx_word' id='word_1_176' title='bbox 568 1963 602 2025; x_wconf 93' lang='lat' dir='ltr'><strong><em>de</em></strong></span> <span class='ocrx_word' id='word_1_177' title='bbox 623 1963 798 2046; x_wconf 78' lang='lat' dir='ltr'><strong><em>obiipatione</em></strong></span> <span class='ocrx_word' id='word_1_178' title='bbox 816 1984 907 2047; x_wconf 86' lang='lat' dir='ltr'><strong><em>qnam</em></strong></span> <span class='ocrx_word' id='word_1_179' title='bbox 925 1963 986 2045; x_wconf 89' lang='lat' dir='ltr'><strong><em>ipsi</em></strong></span> <span class='ocrx_word' id='word_1_180' title='bbox 1004 1963 1111 2025; x_wconf 82' lang='lat' dir='ltr'><strong><em>trabant</em></strong></span> <span class='ocrx_word' id='word_1_181' title='bbox 1125 1984 1185 2024; x_wconf 84' lang='lat' dir='ltr'><strong><em>cu·</em></strong></span> 
     </span>
     <span class='ocr_line' id='line_1_23' title="bbox 284 2046 1182 2131; baseline 0.004 -25"><span class='ocrx_word' id='word_1_182' title='bbox 284 2046 392 2125; x_wconf 70' lang='lat' dir='ltr'><strong><em>sanai,</em></strong></span> <span class='ocrx_word' id='word_1_183' title='bbox 416 2058 450 2108; x_wconf 85' lang='lat' dir='ltr'><strong><em>nt</em></strong></span> <span class='ocrx_word' id='word_1_184' title='bbox 472 2048 588 2127; x_wconf 76' lang='lat' dir='ltr'><strong><em>inlirrni</em></strong></span> <span class='ocrx_word' id='word_1_185' title='bbox 608 2049 818 2129; x_wconf 54' lang='lat' dir='ltr'><strong><em>concussionem</em></strong></span> <span class='ocrx_word' id='word_1_186' title='bbox 840 2049 965 2131; x_wconf 76' lang='lat' dir='ltr'><strong><em>faciant.</em></strong></span> <span class='ocrx_word' id='word_1_187' title='bbox 989 2052 1078 2110; x_wconf 90' lang='lat' dir='ltr'><strong><em>VIII.</em></strong></span> <span class='ocrx_word' id='word_1_188' title='bbox 1102 2051 1182 2110; x_wconf 85' lang='lat' dir='ltr'><strong><em>Cam</em></strong></span> 
     </span>
     <span class='ocr_line' id='line_1_24' title="bbox 283 2129 1179 2214; baseline 0.006 -26"><span class='ocrx_word' id='word_1_189' title='bbox 283 2129 531 2214; x_wconf 76' lang='lat' dir='ltr'><strong><em>pirarnrocopotis.</em></strong></span> <span class='ocrx_word' id='word_1_190' title='bbox 547 2153 578 2194; x_wconf 88' lang='lat' dir='ltr'><strong><em>n.</em></strong></span> <span class='ocrx_word' id='word_1_191' title='bbox 595 2136 644 2195; x_wconf 89' lang='grc'><strong><em>58.</em></strong></span> <span class='ocrx_word' id='word_1_192' title='bbox 658 2137 717 2195; x_wconf 87' lang='lat' dir='ltr'><strong><em>IX.</em></strong></span> <span class='ocrx_word' id='word_1_193' title='bbox 736 2138 809 2195; x_wconf 86' lang='lat' dir='ltr'><strong><em>Cum</em></strong></span> <span class='ocrx_word' id='word_1_194' title='bbox 830 2133 1056 2213; x_wconf 78' lang='lat' dir='ltr'><strong><em>nepotiantidns.</em></strong></span> <span class='ocrx_word' id='word_1_195' title='bbox 1074 2153 1106 2192; x_wconf 90' lang='lat' dir='ltr'><strong><em>n.</em></strong></span> <span class='ocrx_word' id='word_1_196' title='bbox 1125 2136 1179 2193; x_wconf 75' lang='grc'><strong><em>59.</em></strong></span> 
     </span>
    </p>
   </div>
   <div class='ocr_carea' id='block_1_4' title="bbox 283 2217 1312 2299">
    <p class='ocr_par' dir='ltr' id='par_1_9' title="bbox 283 2217 1312 2299">
     <span class='ocr_line' id='line_1_25' title="bbox 283 2217 1312 2299; baseline 0.003 -23"><span class='ocrx_word' id='word_1_197' title='bbox 283 2217 327 2276; x_wconf 89' lang='grc' dir='ltr'><strong><em>Χ.</em></strong></span> <span class='ocrx_word' id='word_1_198' title='bbox 347 2217 420 2276; x_wconf 86' lang='lat' dir='ltr'><strong><em>Cam</em></strong></span> <span class='ocrx_word' id='word_1_199' title='bbox 442 2218 617 2280; x_wconf 82' lang='lat' dir='ltr'><strong><em>sartoribus.</em></strong></span> <span class='ocrx_word' id='word_1_200' title='bbox 640 2238 672 2278; x_wconf 88' lang='lat' dir='ltr'><strong><em>n.</em></strong></span> <span class='ocrx_word' id='word_1_201' title='bbox 697 2221 745 2279; x_wconf 89' lang='grc'><strong><em>60.</em></strong></span> <span class='ocrx_word' id='word_1_202' title='bbox 767 2221 827 2279; x_wconf 89' lang='lat' dir='ltr'><strong><em>XI.</em></strong></span> <span class='ocrx_word' id='word_1_203' title='bbox 850 2217 1126 2299; x_wconf 72' lang='lat' dir='ltr'><strong><em>Commorantes,</em></strong></span> <span class='ocrx_word' id='word_1_204' title='bbox 1150 2227 1185 2279; x_wconf 81' lang='lat' dir='ltr'><strong><em>et</em></strong></span> <span class='ocrx_word' id='word_1_205' title='bbox 1294 2227 1312 2270; x_wconf 58' lang='grc' dir='ltr'>Ψ</span> 
     </span>
    </p>
   </div>
   <div class='ocr_carea' id='block_1_5' title="bbox 167 2300 1184 3660">
    <p class='ocr_par' dir='ltr' id='par_1_10' title="bbox 167 2300 1184 3660">
     <span class='ocr_line' id='line_1_26' title="bbox 283 2300 1181 2365; baseline 0.003 -5"><span class='ocrx_word' id='word_1_206' title='bbox 283 2300 499 2363; x_wconf 82' lang='lat' dir='ltr'><strong><em>oerrditricibns.</em></strong></span> <span class='ocrx_word' id='word_1_207' title='bbox 516 2306 611 2365; x_wconf 81' lang='lat' dir='ltr'><strong><em>n.&#39;tiI.</em></strong></span> <span class='ocrx_word' id='word_1_208' title='bbox 622 2305 701 2365; x_wconf 88' lang='lat' dir='ltr'><strong><em>XII.</em></strong></span> <span class='ocrx_word' id='word_1_209' title='bbox 721 2306 795 2364; x_wconf 80' lang='lat' dir='ltr'><strong><em>Cane</em></strong></span> <span class='ocrx_word' id='word_1_210' title='bbox 807 2302 1065 2364; x_wconf 81' lang='lat' dir='ltr'><strong><em>barbitonsoribus.</em></strong></span> <span class='ocrx_word' id='word_1_211' title='bbox 1078 2322 1110 2363; x_wconf 90' lang='lat' dir='ltr'><strong><em>n.</em></strong></span> <span class='ocrx_word' id='word_1_212' title='bbox 1125 2305 1181 2364; x_wconf 74' lang='grc'><strong><em>62.</em></strong></span> 
     </span>
     <span class='ocr_line' id='line_1_27' title="bbox 284 2384 1180 2468; baseline 0.004 -24"><span class='ocrx_word' id='word_1_213' title='bbox 284 2388 326 2445; x_wconf 76' lang='lat' dir='ltr'><strong><em>Iit</em></strong></span> <span class='ocrx_word' id='word_1_214' title='bbox 333 2385 379 2446; x_wconf 80' lang='lat' dir='ltr'><strong><em>iiic</em></strong></span> <span class='ocrx_word' id='word_1_215' title='bbox 387 2404 480 2447; x_wconf 77' lang='lat' dir='ltr'><strong><em>sernia</em></strong></span> <span class='ocrx_word' id='word_1_216' title='bbox 490 2386 566 2466; x_wconf 77' lang='lat' dir='ltr'><strong><em>fitde</em></strong></span> <span class='ocrx_word' id='word_1_217' title='bbox 576 2388 650 2448; x_wconf 89' lang='lat' dir='ltr'><strong><em>airis</em></strong></span> <span class='ocrx_word' id='word_1_218' title='bbox 659 2388 753 2449; x_wconf 85' lang='lat' dir='ltr'><strong><em>crines</em></strong></span> <span class='ocrx_word' id='word_1_219' title='bbox 763 2384 918 2448; x_wconf 74' lang='lat' dir='ltr'><strong><em>enuntiarunt</em></strong></span> <span class='ocrx_word' id='word_1_220' title='bbox 927 2387 1180 2468; x_wconf 80' lang='lat' dir='ltr'><strong><em>componentibus.</em></strong></span> 
     </span>
     <span class='ocr_line' id='line_1_28' title="bbox 167 2470 1184 2554; baseline 0.002 -22"><span class='ocrx_word' id='word_1_221' title='bbox 167 2472 239 2549; x_wconf 81' lang='lat' dir='ltr'><strong><em>Cap.</em></strong></span> <span class='ocrx_word' id='word_1_222' title='bbox 255 2470 306 2529; x_wconf 89' lang='lat' dir='ltr'><strong><em>lV.</em></strong></span> <span class='ocrx_word' id='word_1_223' title='bbox 327 2471 476 2544; x_wconf 80' lang='lat' dir='ltr'><strong><em>Quomodo</em></strong></span> <span class='ocrx_word' id='word_1_224' title='bbox 489 2491 518 2532; x_wconf 92' lang='lat' dir='ltr'><strong><em>se</em></strong></span> <span class='ocrx_word' id='word_1_225' title='bbox 532 2491 630 2553; x_wconf 81' lang='lat' dir='ltr'><strong><em>perere</em></strong></span> <span class='ocrx_word' id='word_1_226' title='bbox 649 2472 751 2534; x_wconf 83' lang='lat' dir='ltr'><strong><em>debeat</em></strong></span> <span class='ocrx_word' id='word_1_227' title='bbox 771 2471 968 2551; x_wconf 77' lang='lat' dir='ltr'><strong><em>confessarius</em></strong></span> <span class='ocrx_word' id='word_1_228' title='bbox 984 2491 1049 2531; x_wconf 83' lang='lat' dir='ltr'><strong><em>cam</em></strong></span> <span class='ocrx_word' id='word_1_229' title='bbox 1068 2471 1104 2533; x_wconf 88' lang='lat' dir='ltr'><strong><em>iis</em></strong></span> <span class='ocrx_word' id='word_1_230' title='bbox 1123 2476 1184 2554; x_wconf 77' lang='lat' dir='ltr'><strong><em>qui</em></strong></span> 
     </span>
     <span class='ocr_line' id='line_1_29' title="bbox 284 2556 1114 2639; baseline 0.002 -26"><span class='ocrx_word' id='word_1_231' title='bbox 284 2563 357 2614; x_wconf 86' lang='lat' dir='ltr'><strong><em>sant</em></strong></span> <span class='ocrx_word' id='word_1_232' title='bbox 372 2557 405 2615; x_wconf 89' lang='lat' dir='ltr'><strong><em>in</em></strong></span> <span class='ocrx_word' id='word_1_233' title='bbox 422 2558 561 2636; x_wconf 74' lang='lat' dir='ltr'><strong><em>proximo</em></strong></span> <span class='ocrx_word' id='word_1_234' title='bbox 580 2559 727 2619; x_wconf 89' lang='lat' dir='ltr'><strong><em>occasione</em></strong></span> <span class='ocrx_word' id='word_1_235' title='bbox 746 2556 894 2638; x_wconf 83' lang='lat' dir='ltr'><strong><em>peccandi.</em></strong></span> <span class='ocrx_word' id='word_1_236' title='bbox 908 2577 940 2617; x_wconf 88' lang='lat' dir='ltr'><strong><em>n.</em></strong></span> <span class='ocrx_word' id='word_1_237' title='bbox 954 2560 1002 2616; x_wconf 89' lang='grc'><strong><em>65.</em></strong></span> <span class='ocrx_word' id='word_1_238' title='bbox 1016 2565 1114 2639; x_wconf 85' lang='lat' dir='ltr'><strong><em>etseq.</em></strong></span> 
     </span>
     <span class='ocr_line' id='line_1_30' title="bbox 168 2638 1180 2718; baseline 0.005 -19"><span class='ocrx_word' id='word_1_239' title='bbox 168 2641 237 2718; x_wconf 85' lang='lat' dir='ltr'><strong><em>Cap.</em></strong></span> <span class='ocrx_word' id='word_1_240' title='bbox 253 2638 291 2696; x_wconf 89' lang='lat' dir='ltr'><strong><em>V.</em></strong></span> <span class='ocrx_word' id='word_1_241' title='bbox 314 2641 462 2714; x_wconf 82' lang='lat' dir='ltr'><strong><em>Quomodo</em></strong></span> <span class='ocrx_word' id='word_1_242' title='bbox 481 2661 547 2702; x_wconf 81' lang='lat' dir='ltr'><strong><em>curn</em></strong></span> <span class='ocrx_word' id='word_1_243' title='bbox 565 2642 852 2714; x_wconf 82' lang='lat' dir='ltr'><strong><em>consuetudinariis,</em></strong></span> <span class='ocrx_word' id='word_1_244' title='bbox 873 2649 902 2702; x_wconf 84' lang='lat' dir='ltr'><strong><em>et</em></strong></span> <span class='ocrx_word' id='word_1_245' title='bbox 920 2640 1054 2702; x_wconf 83' lang='lat' dir='ltr'><strong><em>recidivis</em></strong></span> <span class='ocrx_word' id='word_1_246' title='bbox 1072 2662 1105 2701; x_wconf 89' lang='lat' dir='ltr'><strong><em>n.</em></strong></span> <span class='ocrx_word' id='word_1_247' title='bbox 1124 2645 1180 2704; x_wconf 81' lang='lat'><strong><em>70.</em></strong></span> 
     </span>
     <span class='ocr_line' id='line_1_31' title="bbox 284 2723 1181 2807; baseline 0.007 -25"><span class='ocrx_word' id='word_1_248' title='bbox 284 2730 312 2782; x_wconf 92' lang='lat' dir='ltr'><strong><em>et</em></strong></span> <span class='ocrx_word' id='word_1_249' title='bbox 329 2741 389 2804; x_wconf 84' lang='lat' dir='ltr'><strong><em>seq.</em></strong></span> <span class='ocrx_word' id='word_1_250' title='bbox 406 2729 449 2785; x_wconf 88' lang='lat' dir='ltr'><strong><em>Et</em></strong></span> <span class='ocrx_word' id='word_1_251' title='bbox 459 2727 615 2807; x_wconf 75' lang='lat' dir='ltr'><strong><em>sipnorrter</em></strong></span> <span class='ocrx_word' id='word_1_252' title='bbox 635 2746 701 2787; x_wconf 85' lang='lat' dir='ltr'><strong><em>curn</em></strong></span> <span class='ocrx_word' id='word_1_253' title='bbox 723 2726 913 2803; x_wconf 86' lang='lat' dir='ltr'><strong><em>ordinandis,</em></strong></span> <span class='ocrx_word' id='word_1_254' title='bbox 934 2726 968 2785; x_wconf 92' lang='lat' dir='ltr'><strong><em>in</em></strong></span> <span class='ocrx_word' id='word_1_255' title='bbox 985 2723 1085 2805; x_wconf 77' lang='lat' dir='ltr'><strong><em>aliano</em></strong></span> <span class='ocrx_word' id='word_1_256' title='bbox 1103 2727 1181 2789; x_wconf 84' lang='lat' dir='ltr'><strong><em>nitio</em></strong></span> 
     </span>
     <span class='ocr_line' id='line_1_32' title="bbox 285 2805 1178 2894; baseline 0.004 -26"><span class='ocrx_word' id='word_1_257' title='bbox 285 2805 467 2884; x_wconf 75' lang='lat' dir='ltr'><strong><em>habitantis,</em></strong></span> <span class='ocrx_word' id='word_1_258' title='bbox 489 2811 544 2891; x_wconf 85' lang='lat' dir='ltr'><strong><em>qni</em></strong></span> <span class='ocrx_word' id='word_1_259' title='bbox 559 2811 682 2873; x_wconf 75' lang='lat' dir='ltr'><strong><em>iniciant</em></strong></span> <span class='ocrx_word' id='word_1_260' title='bbox 701 2810 885 2894; x_wconf 86' lang='lat' dir='ltr'><strong><em>suscipiendo</em></strong></span> <span class='ocrx_word' id='word_1_261' title='bbox 907 2810 1007 2873; x_wconf 86' lang='lat' dir='ltr'><strong><em>ordini</em></strong></span> <span class='ocrx_word' id='word_1_262' title='bbox 1026 2828 1119 2872; x_wconf 87' lang='lat' dir='ltr'><strong><em>sacro.</em></strong></span> <span class='ocrx_word' id='word_1_263' title='bbox 1143 2830 1178 2873; x_wconf 84' lang='lat' dir='ltr'><strong><em>n.</em></strong></span> 
     </span>
     <span class='ocr_line' id='line_1_33' title="bbox 284 2896 437 2958; baseline 0.026 -4"><span class='ocrx_word' id='word_1_264' title='bbox 284 2896 323 2955; x_wconf 88' lang='lat'><strong><em>78</em></strong></span> <span class='ocrx_word' id='word_1_265' title='bbox 343 2904 371 2955; x_wconf 92' lang='lat' dir='ltr'><strong><em>et</em></strong></span> <span class='ocrx_word' id='word_1_266' title='bbox 388 2899 437 2958; x_wconf 83' lang='grc'><strong><em>76.</em></strong></span> 
     </span>
     <span class='ocr_line' id='line_1_34' title="bbox 169 2980 1181 3067; baseline 0.007 -28"><span class='ocrx_word' id='word_1_267' title='bbox 169 2982 236 3058; x_wconf 82' lang='lat' dir='ltr'><strong><em>Gap.</em></strong></span> <span class='ocrx_word' id='word_1_268' title='bbox 253 2980 305 3040; x_wconf 90' lang='lat' dir='ltr'><strong><em>VI.</em></strong></span> <span class='ocrx_word' id='word_1_269' title='bbox 325 2981 475 3053; x_wconf 84' lang='lat' dir='ltr'><strong><em>Quorrmdd</em></strong></span> <span class='ocrx_word' id='word_1_270' title='bbox 490 3003 557 3045; x_wconf 85' lang='lat' dir='ltr'><strong><em>carn</em></strong></span> <span class='ocrx_word' id='word_1_271' title='bbox 572 2984 782 3067; x_wconf 80' lang='lat' dir='ltr'><strong><em>poenitentibus</em></strong></span> <span class='ocrx_word' id='word_1_272' title='bbox 800 2987 855 3066; x_wconf 83' lang='lat' dir='ltr'><strong><em>qcci</em></strong></span> <span class='ocrx_word' id='word_1_273' title='bbox 871 2984 979 3047; x_wconf 81' lang='lat' dir='ltr'><strong><em>trabant</em></strong></span> <span class='ocrx_word' id='word_1_274' title='bbox 995 2985 1025 3046; x_wconf 82' lang='lat' dir='ltr'><strong><em>I.</em></strong></span> <span class='ocrx_word' id='word_1_275' title='bbox 1041 2980 1181 3063; x_wconf 82' lang='lat' dir='ltr'><strong><em>aliquam</em></strong></span> 
     </span>
     <span class='ocr_line' id='line_1_35' title="bbox 284 3071 1178 3136; baseline 0.004 -11"><span class='ocrx_word' id='word_1_276' title='bbox 284 3082 459 3136; x_wconf 82' lang='lat' dir='ltr'><strong><em>censuram,</em></strong></span> <span class='ocrx_word' id='word_1_277' title='bbox 484 3079 538 3128; x_wconf 88' lang='lat' dir='ltr'><strong><em>ant</em></strong></span> <span class='ocrx_word' id='word_1_278' title='bbox 559 3089 659 3131; x_wconf 87' lang='lat' dir='ltr'><strong><em>casnm</em></strong></span> <span class='ocrx_word' id='word_1_279' title='bbox 682 3080 873 3132; x_wconf 86' lang='lat' dir='ltr'><strong><em>reservatam.</em></strong></span> <span class='ocrx_word' id='word_1_280' title='bbox 894 3090 928 3130; x_wconf 89' lang='lat' dir='ltr'><strong><em>n.</em></strong></span> <span class='ocrx_word' id='word_1_281' title='bbox 950 3071 999 3130; x_wconf 84' lang='lat'><strong><em>80.</em></strong></span> <span class='ocrx_word' id='word_1_282' title='bbox 1019 3071 1054 3129; x_wconf 85' lang='lat'><strong><em>81</em></strong></span> <span class='ocrx_word' id='word_1_283' title='bbox 1076 3076 1106 3127; x_wconf 87' lang='lat' dir='ltr'><strong><em>et</em></strong></span> <span class='ocrx_word' id='word_1_284' title='bbox 1124 3072 1178 3129; x_wconf 72' lang='lat'><strong><em>82.</em></strong></span> 
     </span>
     <span class='ocr_line' id='line_1_36' title="bbox 283 3151 1179 3235; baseline 0.004 -25"><span class='ocrx_word' id='word_1_285' title='bbox 283 3151 346 3210; x_wconf 79' lang='lat' dir='ltr'><strong><em>Ant</em></strong></span> <span class='ocrx_word' id='word_1_286' title='bbox 365 3154 412 3211; x_wconf 90' lang='lat' dir='ltr'><strong><em>II.</em></strong></span> <span class='ocrx_word' id='word_1_287' title='bbox 435 3151 649 3235; x_wconf 73' lang='lat' dir='ltr'><strong><em>Obtr&#39;pationern</em></strong></span> <span class='ocrx_word' id='word_1_288' title='bbox 671 3154 880 3216; x_wconf 85' lang='lat' dir='ltr'><strong><em>denuntiandi.</em></strong></span> <span class='ocrx_word' id='word_1_289' title='bbox 903 3175 935 3216; x_wconf 92' lang='lat' dir='ltr'><strong><em>n.</em></strong></span> <span class='ocrx_word' id='word_1_290' title='bbox 955 3157 1004 3215; x_wconf 88' lang='grc'><strong><em>85.</em></strong></span> <span class='ocrx_word' id='word_1_291' title='bbox 1023 3156 1095 3213; x_wconf 81' lang='lat' dir='ltr'><strong><em>Ant.</em></strong></span> <span class='ocrx_word' id='word_1_292' title='bbox 1110 3155 1179 3214; x_wconf 88' lang='lat' dir='ltr'><strong><em>III.</em></strong></span> 
     </span>
     <span class='ocr_line' id='line_1_37' title="bbox 285 3236 1182 3320; baseline 0.001 -24"><span class='ocrx_word' id='word_1_293' title='bbox 285 3236 530 3315; x_wconf 80' lang='lat' dir='ltr'><strong><em>Inpedimentnrn</em></strong></span> <span class='ocrx_word' id='word_1_294' title='bbox 549 3239 736 3302; x_wconf 84' lang='lat' dir='ltr'><strong><em>matrimonii</em></strong></span> <span class='ocrx_word' id='word_1_295' title='bbox 750 3239 902 3301; x_wconf 87' lang='lat' dir='ltr'><strong><em>dirimens.</em></strong></span> <span class='ocrx_word' id='word_1_296' title='bbox 918 3259 951 3300; x_wconf 91' lang='lat' dir='ltr'><strong><em>n.</em></strong></span> <span class='ocrx_word' id='word_1_297' title='bbox 965 3240 1015 3300; x_wconf 88' lang='grc'><strong><em>84.</em></strong></span> <span class='ocrx_word' id='word_1_298' title='bbox 1027 3246 1055 3297; x_wconf 89' lang='lat' dir='ltr'><strong><em>et</em></strong></span> <span class='ocrx_word' id='word_1_299' title='bbox 1067 3238 1116 3320; x_wconf 83' lang='grc'><strong><em>85.</em></strong></span> <span class='ocrx_word' id='word_1_300' title='bbox 1127 3236 1182 3298; x_wconf 82' lang='lat' dir='ltr'><strong><em>Vei</em></strong></span> 
     </span>
     <span class='ocr_line' id='line_1_38' title="bbox 284 3319 1183 3404; baseline 0.001 -23"><span class='ocrx_word' id='word_1_301' title='bbox 284 3319 444 3399; x_wconf 86' lang='lat' dir='ltr'><strong><em>impediens</em></strong></span> <span class='ocrx_word' id='word_1_302' title='bbox 468 3324 488 3382; x_wconf 85' lang='lat' dir='ltr'><strong><em>d</em></strong></span> <span class='ocrx_word' id='word_1_303' title='bbox 510 3325 631 3404; x_wconf 89' lang='lat' dir='ltr'><strong><em>petendo</em></strong></span> <span class='ocrx_word' id='word_1_304' title='bbox 657 3325 762 3388; x_wconf 79' lang='lat' dir='ltr'><strong><em>debito.</em></strong></span> <span class='ocrx_word' id='word_1_305' title='bbox 783 3346 816 3386; x_wconf 89' lang='lat' dir='ltr'><strong><em>n.</em></strong></span> <span class='ocrx_word' id='word_1_306' title='bbox 839 3328 889 3386; x_wconf 91' lang='grc'><strong><em>86.</em></strong></span> <span class='ocrx_word' id='word_1_307' title='bbox 911 3324 968 3386; x_wconf 85' lang='lat' dir='ltr'><strong><em>Hie</em></strong></span> <span class='ocrx_word' id='word_1_308' title='bbox 990 3330 1183 3385; x_wconf 81' lang='lat' dir='ltr'><strong><em>annotantur</em></strong></span> 
     </span>
     <span class='ocr_line' id='line_1_39' title="bbox 171 3405 1181 3491; baseline 0.003 -29"><span class='ocrx_word' id='word_1_309' title='bbox 171 3487 173 3490; x_wconf 13' lang='grc' dir='ltr'><strong><em>ι</em></strong></span> <span class='ocrx_word' id='word_1_310' title='bbox 285 3405 430 3466; x_wconf 80' lang='lat' dir='ltr'><strong><em>Formuloe</em></strong></span> <span class='ocrx_word' id='word_1_311' title='bbox 442 3408 482 3467; x_wconf 94' lang='lat' dir='ltr'><strong><em>ad</em></strong></span> <span class='ocrx_word' id='word_1_312' title='bbox 494 3408 681 3472; x_wconf 85' lang='lat' dir='ltr'><strong><em>obtinendam</em></strong></span> <span class='ocrx_word' id='word_1_313' title='bbox 694 3408 937 3491; x_wconf 88' lang='lat' dir='ltr'><strong><em>dispensationem</em></strong></span> <span class='ocrx_word' id='word_1_314' title='bbox 952 3410 971 3467; x_wconf 90' lang='lat' dir='ltr'><strong><em>d</em></strong></span> <span class='ocrx_word' id='word_1_315' title='bbox 983 3410 1015 3469; x_wconf 90' lang='lat' dir='ltr'><strong><em>S.</em></strong></span> <span class='ocrx_word' id='word_1_316' title='bbox 1026 3408 1181 3468; x_wconf 85' lang='lat' dir='ltr'><strong><em>Poeniten-</em></strong></span> 
     </span>
     <span class='ocr_line' id='line_1_40' title="bbox 257 3486 1178 3575; baseline 0.01 -32"><span class='ocrx_word' id='word_1_317' title='bbox 257 3521 259 3524; x_wconf 94' lang='lat'>-</span> <span class='ocrx_word' id='word_1_318' title='bbox 285 3486 377 3547; x_wconf 88' lang='lat' dir='ltr'><strong><em>tiario</em></strong></span> <span class='ocrx_word' id='word_1_319' title='bbox 386 3489 418 3548; x_wconf 88' lang='lat' dir='ltr'><strong><em>ia</em></strong></span> <span class='ocrx_word' id='word_1_320' title='bbox 427 3490 655 3571; x_wconf 85' lang='lat' dir='ltr'><strong><em>impedimentis,</em></strong></span> <span class='ocrx_word' id='word_1_321' title='bbox 664 3491 1115 3575; x_wconf 71' lang='lat' dir='ltr'><strong><em>vatis,etirrepntaritotibnsn.</em></strong></span> <span class='ocrx_word' id='word_1_322' title='bbox 1125 3491 1178 3552; x_wconf 84' lang='lat'><strong><em>87.</em></strong></span> 
     </span>
     <span class='ocr_line' id='line_1_41' title="bbox 287 3569 983 3660; baseline 0.019 -36"><span class='ocrx_word' id='word_1_323' title='bbox 287 3569 424 3631; x_wconf 80' lang='lat' dir='ltr'><strong><em>Facundo</em></strong></span> <span class='ocrx_word' id='word_1_324' title='bbox 437 3575 598 3655; x_wconf 78' lang='lat' dir='ltr'><strong><em>exequendi</em></strong></span> <span class='ocrx_word' id='word_1_325' title='bbox 612 3577 870 3660; x_wconf 86' lang='lat' dir='ltr'><strong><em>dispensationem.</em></strong></span> <span class='ocrx_word' id='word_1_326' title='bbox 885 3597 916 3639; x_wconf 90' lang='lat' dir='ltr'><strong><em>n.</em></strong></span> <span class='ocrx_word' id='word_1_327' title='bbox 933 3579 983 3640; x_wconf 86' lang='grc'><strong><em>88.</em></strong></span> 
     </span>
    </p>
   </div>
   <div class='ocr_carea' id='block_1_6' title="bbox 0 0 1339 4167">
    <p class='ocr_par' dir='ltr' id='par_1_11' title="bbox 0 0 1339 4167">
     <span class='ocr_line' id='line_1_42' title="bbox 0 0 1339 4167; baseline 0 0"><span class='ocrx_word' id='word_1_328' title='bbox 0 0 1339 4167; x_wconf 95' lang='lat' dir='ltr'><strong><em> </em></strong></span> 
     </span>
    </p>
   </div>
  </div>
 </body>
</html>
