2642 4167
394 224 398 233 ‘
432 207 435 213 ’
462 219 512 275 Ila
528 211 826 297 operitueeemdtou
838 219 928 277 XIV.
957 218 960 223 ’
1141 224 1194 282 tta

194 323 406 385 consuetudine
427 325 459 383 ia
485 324 685 393 eontrarium,
710 332 744 382 ιιι
766 331 830 401 post
852 322 976 399 diligens
1001 332 1122 385 examen
1146 325 1199 387 de-

191 416 314 467 cretum.
329 417 393 480 est,
422 408 602 486 approbante
626 400 743 468 IIrdouo
770 408 859 466 VIII.
886 405 959 465 ibid.
978 410 1076 472 ald.
1094 410 1198 487 inquo

191 490 278 571 etiam
300 489 416 565 decreto
436 493 595 559 statuitur.
614 492 750 571 licentias
769 489 910 548 moniales
943 490 1006 548 illas
1029 491 1196 567 alloquendi

191 573 328 650 petendas
345 592 406 634 esse
425 575 462 634 ab
476 576 636 653 Episcopo,
652 592 713 634 noa
734 573 804 633 veri
817 572 834 631 la
847 568 1000 650 superlore
1015 572 1156 661 regulari.
1262 580 1266 587 ’

497 814 500 817 ,
537 749 640 822 MONS,
663 750 842 821 PIETATIS.

228 914 263 976 In
277 917 427 978 montalaus
440 918 556 996 pietatis
579 918 616 979 de
639 937 717 979 aovo
735 919 882 996 erigendis
897 919 972 980 ailad
991 908 1069 977 oltra
1086 924 1197 979 sortem

190 998 266 1078 exigi
290 1012 386 1080 potest
410 1000 448 1061 ab
470 1004 505 1063 iis
525 1047 533 1075 ‚
557 1003 607 1079 qui
627 1013 764 1063 mutuum
795 1004 832 1062 ab
853 1022 888 1064 eo
915 1005 1085 1081 accipiunt,
1107 1003 1197 1062 etiam

190 1084 281 1144 titulo
305 1103 528 1162 expensarum,
555 1086 618 1147 uisi
647 1083 814 1165 apostolicae
841 1087 924 1148 Sedis
952 1085 1196 1167 dispensatione,

192 1176 225 1226 ut
238 1186 272 1227 cx
295 1170 413 1237 dcoroto
433 1172 463 1228 S.
484 1172 627 1249 congreg.
650 1172 772 1231 Concilii
789 1172 819 1229 iu
839 1173 923 1246 causd
939 1172 1129 1248 Neropolitaud
1150 1169 1198 1229 dio

191 1249 210 1310 7
234 1252 375 1319 Iobruoaii
395 1254 480 1331 ⁴657,
503 1256 545 1314 Ilo
566 1256 638 1334 Syn.
655 1254 741 1313 dioec.
762 1254 781 1313 l.
806 1257 854 1314 to.
875 1275 938 1333 cap.
958 1259 986 1317 5.
1012 1275 1041 1315 a.
1063 1259 1092 1316 ι.
1116 1255 1197 1313 Siout

189 1350 287 1412 acque
311 1334 420 1413 alasque
447 1335 627 1416 beneplacito
651 1339 783 1415 ejusdem
807 1339 889 1398 Scdis
906 1341 971 1417 plus
987 1340 1063 1414 exigi
1081 1346 1195 1415 potest,

190 1418 279 1497 quium
302 1431 387 1481 antea
408 1422 497 1489 luerit
518 1433 709 1496 consuetum,
728 1424 840 1482 etiamsi
859 1422 913 1481 hoo
937 1432 1127 1501 augmentum
1146 1438 1199 1481 aa·

190 1507 349 1564 cessarium
378 1516 530 1565 censeatur
552 1525 606 1584 pro
627 1507 838 1567 sustentatione
861 1508 1088 1574 ministrorum,
1110 1514 1142 1562 ut
1160 1504 1197 1563 'ex

191 1589 249 1648 olio
267 1589 384 1651 derecto
398 1592 426 1650 S.
441 1594 548 1670 congr.
564 1591 636 1651 ibid.
656 1611 688 1651 n.
700 1595 731 1652 2.
743 1594 772 1650 Si
786 1591 857 1650 vead
872 1592 938 1668 plns
950 1593 1094 1666 exigatur,
1108 1587 1197 1665 quiam

191 1690 265 1751 opus
279 1675 316 1733 sit
331 1676 367 1733 ad
387 1694 525 1756 expensas
538 1677 710 1735 necessarias
722 1722 730 1747 ‚
743 1684 860 1735 tenetur
882 1676 1040 1753 Episcopus
1052 1670 1198 1732 moderari

189 1757 259 1816 istus
283 1776 405 1835 usuras3
422 1761 514 1820 tutius
537 1768 581 1820 est
600 1770 699 1821 autem
721 1759 801 1838 qadd
820 1759 953 1820 consulat
970 1758 1009 1820 de
1021 1756 1074 1817 tiae
1096 1771 1196 1838 resa·

189 1842 270 1907 cram
292 1843 401 1925 Congu.
420 1844 463 1903 lb.
480 1862 511 1903 a.
529 1846 558 1904 5.
602 1910 605 1915 ‚

609 2020 773 2081 autera,

230 2185 352 2247 Mallotes
375 2189 557 2266 pecuniarias
578 2190 736 2267 Episcopus
759 2186 814 2248 sibi
839 2182 973 2249 addicere
999 2206 1060 2249 nou
1081 2195 1195 2266 potest,

191 2273 378 2349 parantumvis
399 2291 510 2350 pauper
530 2275 592 2343 sit,
614 2275 677 2332 sine
703 2273 819 2332 liceatid
843 2273 926 2332 Sedis
950 2273 1141 2350 apostolicae,
1164 2278 1197 2330 ιιι

191 2370 227 2413 ox
249 2354 386 2432 pluribus
402 2359 584 2437 argumentis
604 2358 634 2416 S.
653 2354 825 2434 Congrcgat.
848 2357 993 2415 evincitur
1006 2357 1037 2415 in
1056 2363 1140 2413 tract.
1154 2355 1197 2413 De

191 2438 266 2517 Syn.
280 2438 366 2500 dimo.
381 2440 404 2499 l.
423 2443 471 2500 ta.
486 2461 512 2503 c.
537 2443 583 2500 lo.
600 2459 632 2500 n.
654 2440 684 2505 2.
711 2442 766 2499 Sed
791 2439 900 2499 debent
919 2441 950 2499 in
971 2458 1040 2498 rasus
1060 2440 1125 2516 pios
1146 2455 1197 2496 ex·

191 2518 293 2599 pandi·
314 2522 407 2585 ttulit
425 2526 517 2604 magis
538 2544 595 2585 noa
610 2531 733 2604 possunt
748 2524 805 2582 nisi
828 2525 856 2581 ia
875 2522 939 2598 pios
965 2540 1033 2580 usus
1057 2520 1196 2598 applicari

192 2605 251 2666 Illae
271 2609 407 2685 inuictae,
422 2626 494 2686 quas
506 2609 715 2669 Tridentinum
734 2605 844 2667 inflixit
855 2607 969 2666 clericis
988 2623 1047 2664 noa
1066 2604 1196 2665 residea-

192 2689 289 2755 tibus.
309 2701 360 2750 aut
377 2693 599 2755 concubinariis.
619 2692 695 2751 llaid.
785 2754 789 2760 ,

231 2773 348 2851 Siquos
365 2775 436 2834 verli
451 2770 749 2836 motorasdtoeesona
774 2774 910 2856 Synodns
929 2773 1015 2833 alicui
1033 2783 1114 2832 corto
1132 2773 1196 2833 l'oco

191 2856 244 2939 pio
257 2859 451 2936 applicaverit
466 2904 474 2927 ,
491 2862 624 2938 Episcopi
642 2879 702 2920 noa
717 2860 919 2939 possuntillas
935 2858 990 2916 stoi
1008 2856 1142 2917 obtiadre
1159 2856 1196 2916 ab

192 2943 353 3018 apostolica
363 2944 452 3008 Sede.
469 2947 582 3005 etiaaasi
594 2956 653 3006 siut
668 2964 826 3027 pauperes,
850 2945 920 3021 qnia
934 2943 1022 3001 Sedes
1039 2942 1194 3021 apostolica

190 3023 252 3100 juri
270 3028 352 3086 altori
366 3029 487 3105 qratrsito
502 3029 705 3107 prejudicium
724 3049 782 3090 non
800 3030 899 3089 iulcrt.
915 3027 989 3087 lbid.
1004 3046 1035 3085 ιι.
1049 3027 1078 3085 5.

231 3110 288 3168 llas
299 3111 370 3172 varia
385 3113 526 3178 uiolatae.
546 3126 702 3192 antequam
714 3115 900 3193 applicentur
917 3131 977 3171 sum
986 3110 1194 3180 destinationi,

193 3196 381 3274 deponendas
403 3215 465 3257 csse
480 3216 570 3278 penes
587 3200 856 3259 administratorem
874 3197 991 3257 fidclrm
1007 3196 1094 3272 jussit
1112 3195 1143 3253 S.
1161 3195 1193 3253 C.

192 3278 290 3422 pippini
304 3280 456 3425 Erpcyclicd
475 3281 513 3345 ad
531 3301 633 3345 omnes
647 3285 826 3365 Episcopos,
843 3283 891 3349 die
913 3283 931 3341 5
950 3280 1090 3355 l'claruarii
1107 3277 1193 3357 ltilss.

227 3378 237 3421 l
262 3379 317 3427 .n.
354 3406 362 3421 ·
1198 3398 1200 3405 ·
