<?xml version="1.0" encoding="UTF-8"?>
<!DOCTYPE html PUBLIC "-//W3C//DTD XHTML 1.0 Transitional//EN"
    "http://www.w3.org/TR/xhtml1/DTD/xhtml1-transitional.dtd">
<html xmlns="http://www.w3.org/1999/xhtml" xml:lang="en" lang="en">
 <head>
  <title>
</title>
<meta http-equiv="Content-Type" content="text/html;charset=utf-8" />
  <meta name='ocr-system' content='tesseract 3.04.00' />
  <meta name='ocr-capabilities' content='ocr_page ocr_carea ocr_par ocr_line ocrx_word'/>
</head>
<body>
  <div class='ocr_page' id='page_1' title='image "./theologiamorali05heilgoog_0396.png"; bbox 0 0 2642 4167; ppageno 0'>
   <div class='ocr_carea' id='block_1_1' title="bbox 158 186 974 291">
    <p class='ocr_par' dir='ltr' id='par_1_1' title="bbox 158 186 974 291">
     <span class='ocr_line' id='line_1_1' title="bbox 158 186 974 291; baseline -0.005 -18"><span class='ocrx_word' id='word_1_1' title='bbox 158 208 216 274; x_wconf 73' lang='grc'><strong>591</strong></span> <span class='ocrx_word' id='word_1_2' title='bbox 345 206 482 291; x_wconf 79' lang='lat' dir='ltr'><strong>Epitomc</strong></span> <span class='ocrx_word' id='word_1_3' title='bbox 495 207 633 271; x_wconf 75' lang='lat' dir='ltr'><strong>doetrinae</strong></span> <span class='ocrx_word' id='word_1_4' title='bbox 646 205 769 271; x_wconf 76' lang='lat' dir='ltr'><strong>moruile</strong></span> <span class='ocrx_word' id='word_1_5' title='bbox 782 214 810 268; x_wconf 92' lang='lat' dir='ltr'><strong>et</strong></span> <span class='ocrx_word' id='word_1_6' title='bbox 828 186 974 290; x_wconf 72' lang='lat' dir='ltr'><strong>canonice</strong></span> 
     </span>
    </p>
   </div>
   <div class='ocr_carea' id='block_1_2' title="bbox 89 309 1283 3502">
    <p class='ocr_par' dir='ltr' id='par_1_2' title="bbox 158 309 1166 466">
     <span class='ocr_line' id='line_1_2' title="bbox 158 309 1166 389; baseline 0 -17"><span class='ocrx_word' id='word_1_7' title='bbox 158 329 218 372; x_wconf 90' lang='lat' dir='ltr'><strong>non</strong></span> <span class='ocrx_word' id='word_1_8' title='bbox 239 327 302 371; x_wconf 89' lang='lat' dir='ltr'><strong>esse</strong></span> <span class='ocrx_word' id='word_1_9' title='bbox 321 310 431 389; x_wconf 88' lang='lat' dir='ltr'><strong>populo</strong></span> <span class='ocrx_word' id='word_1_10' title='bbox 454 309 689 381; x_wconf 87' lang='lat' dir='ltr'><strong>distribuendas,</strong></span> <span class='ocrx_word' id='word_1_11' title='bbox 704 309 755 369; x_wconf 88' lang='lat' dir='ltr'><strong>sed</strong></span> <span class='ocrx_word' id='word_1_12' title='bbox 773 309 977 384; x_wconf 77' lang='lat' dir='ltr'><strong>asservandus,</strong></span> <span class='ocrx_word' id='word_1_13' title='bbox 999 318 1035 371; x_wconf 91' lang='lat' dir='ltr'><strong>ut</strong></span> <span class='ocrx_word' id='word_1_14' title='bbox 1055 309 1087 370; x_wconf 91' lang='lat' dir='ltr'><strong>in</strong></span> <span class='ocrx_word' id='word_1_15' title='bbox 1106 311 1166 374; x_wconf 82' lang='lat' dir='ltr'><strong>alid</strong></span> 
     </span>
     <span class='ocr_line' id='line_1_3' title="bbox 159 393 1125 466; baseline 0 -11"><span class='ocrx_word' id='word_1_16' title='bbox 159 395 246 455; x_wconf 81' lang='lat' dir='ltr'><strong>raised</strong></span> <span class='ocrx_word' id='word_1_17' title='bbox 264 394 320 454; x_wconf 90' lang='lat' dir='ltr'><strong>sub</strong></span> <span class='ocrx_word' id='word_1_18' title='bbox 339 393 506 455; x_wconf 87' lang='lat' dir='ltr'><strong>conditione</strong></span> <span class='ocrx_word' id='word_1_19' title='bbox 528 403 752 466; x_wconf 87' lang='lat' dir='ltr'><strong>consecrentur,</strong></span> <span class='ocrx_word' id='word_1_20' title='bbox 769 394 837 453; x_wconf 90' lang='lat' dir='ltr'><strong>satis</strong></span> <span class='ocrx_word' id='word_1_21' title='bbox 852 402 974 454; x_wconf 81' lang='lat' dir='ltr'><strong>constat.</strong></span> <span class='ocrx_word' id='word_1_22' title='bbox 988 395 1034 454; x_wconf 90' lang='lat' dir='ltr'><strong>lb.</strong></span> <span class='ocrx_word' id='word_1_23' title='bbox 1048 414 1079 454; x_wconf 89' lang='lat' dir='ltr'><strong>n.</strong></span> <span class='ocrx_word' id='word_1_24' title='bbox 1094 398 1125 455; x_wconf 86' lang='grc'><strong>6.</strong></span> 
     </span>
    </p>

    <p class='ocr_par' dir='ltr' id='par_1_3' title="bbox 89 475 1170 1145">
     <span class='ocr_line' id='line_1_4' title="bbox 198 475 1168 556; baseline 0.003 -17"><span class='ocrx_word' id='word_1_25' title='bbox 198 481 229 539; x_wconf 92' lang='lat' dir='ltr'><strong>Si</strong></span> <span class='ocrx_word' id='word_1_26' title='bbox 249 479 407 539; x_wconf 76' lang='lat' dir='ltr'><strong>celebranti</strong></span> <span class='ocrx_word' id='word_1_27' title='bbox 420 479 479 538; x_wconf 93' lang='lat' dir='ltr'><strong>sint</strong></span> <span class='ocrx_word' id='word_1_28' title='bbox 489 488 647 556; x_wconf 80' lang='lat' dir='ltr'><strong>praesentes</strong></span> <span class='ocrx_word' id='word_1_29' title='bbox 660 478 798 537; x_wconf 80' lang='lat' dir='ltr'><strong>undecim</strong></span> <span class='ocrx_word' id='word_1_30' title='bbox 810 475 930 551; x_wconf 71' lang='lat' dir='ltr'><strong>hostias,</strong></span> <span class='ocrx_word' id='word_1_31' title='bbox 949 488 980 538; x_wconf 89' lang='lat' dir='ltr'><strong>et</strong></span> <span class='ocrx_word' id='word_1_32' title='bbox 997 480 1047 541; x_wconf 83' lang='lat' dir='ltr'><strong>itte</strong></span> <span class='ocrx_word' id='word_1_33' title='bbox 1060 478 1168 542; x_wconf 85' lang='lat' dir='ltr'><strong>haheat</strong></span> 
     </span>
     <span class='ocr_line' id='line_1_5' title="bbox 161 561 1168 642; baseline 0 -19"><span class='ocrx_word' id='word_1_34' title='bbox 161 564 355 623; x_wconf 90' lang='lat' dir='ltr'><strong>intentionem</strong></span> <span class='ocrx_word' id='word_1_35' title='bbox 375 562 563 622; x_wconf 87' lang='lat' dir='ltr'><strong>consecrandi</strong></span> <span class='ocrx_word' id='word_1_36' title='bbox 583 562 678 623; x_wconf 79' lang='lat' dir='ltr'><strong>solium</strong></span> <span class='ocrx_word' id='word_1_37' title='bbox 697 562 815 631; x_wconf 88' lang='lat' dir='ltr'><strong>decem,</strong></span> <span class='ocrx_word' id='word_1_38' title='bbox 829 580 883 621; x_wconf 91' lang='lat' dir='ltr'><strong>nec</strong></span> <span class='ocrx_word' id='word_1_39' title='bbox 898 561 1077 623; x_wconf 79' lang='lat' dir='ltr'><strong>determinet</strong></span> <span class='ocrx_word' id='word_1_40' title='bbox 1094 584 1168 642; x_wconf 89' lang='lat' dir='ltr'><strong>qna·</strong></span> 
     </span>
     <span class='ocr_line' id='line_1_6' title="bbox 161 645 1165 722; baseline 0 -14"><span class='ocrx_word' id='word_1_41' title='bbox 161 647 223 714; x_wconf 86' lang='lat' dir='ltr'><strong>les.</strong></span> <span class='ocrx_word' id='word_1_42' title='bbox 245 648 326 707; x_wconf 87' lang='lat' dir='ltr'><strong>nulla</strong></span> <span class='ocrx_word' id='word_1_43' title='bbox 346 665 382 706; x_wconf 86' lang='lat' dir='ltr'><strong>ex</strong></span> <span class='ocrx_word' id='word_1_44' title='bbox 404 647 461 706; x_wconf 89' lang='lat' dir='ltr'><strong>illis</strong></span> <span class='ocrx_word' id='word_1_45' title='bbox 481 655 556 705; x_wconf 91' lang='lat' dir='ltr'><strong>essct</strong></span> <span class='ocrx_word' id='word_1_46' title='bbox 575 656 740 705; x_wconf 87' lang='lat' dir='ltr'><strong>consecrata</strong></span> <span class='ocrx_word' id='word_1_47' title='bbox 753 690 761 717; x_wconf 95' lang='lat'><strong>,</strong></span> <span class='ocrx_word' id='word_1_48' title='bbox 774 652 809 705; x_wconf 90' lang='lat' dir='ltr'><strong>ut</strong></span> <span class='ocrx_word' id='word_1_49' title='bbox 822 664 857 722; x_wconf 80' lang='lat' dir='ltr'><strong>ex</strong></span> <span class='ocrx_word' id='word_1_50' title='bbox 875 645 1000 705; x_wconf 83' lang='lat' dir='ltr'><strong>rubricis</strong></span> <span class='ocrx_word' id='word_1_51' title='bbox 1014 646 1165 709; x_wconf 86' lang='lat' dir='ltr'><strong>discimus.</strong></span> 
     </span>
     <span class='ocr_line' id='line_1_7' title="bbox 160 728 1169 807; baseline 0.001 -18"><span class='ocrx_word' id='word_1_52' title='bbox 160 732 258 805; x_wconf 87' lang='lat' dir='ltr'><strong>Quare</strong></span> <span class='ocrx_word' id='word_1_53' title='bbox 275 730 363 790; x_wconf 88' lang='lat' dir='ltr'><strong>debet</strong></span> <span class='ocrx_word' id='word_1_54' title='bbox 377 728 509 790; x_wconf 87' lang='lat' dir='ltr'><strong>sacerdos</strong></span> <span class='ocrx_word' id='word_1_55' title='bbox 528 731 721 789; x_wconf 87' lang='lat' dir='ltr'><strong>intentionem</strong></span> <span class='ocrx_word' id='word_1_56' title='bbox 735 748 817 789; x_wconf 87' lang='lat' dir='ltr'><strong>suam</strong></span> <span class='ocrx_word' id='word_1_57' title='bbox 831 731 870 788; x_wconf 88' lang='lat' dir='ltr'><strong>ita</strong></span> <span class='ocrx_word' id='word_1_58' title='bbox 885 729 1031 807; x_wconf 83' lang='lat' dir='ltr'><strong>dirigere,</strong></span> <span class='ocrx_word' id='word_1_59' title='bbox 1045 738 1080 789; x_wconf 90' lang='lat' dir='ltr'><strong>ut</strong></span> <span class='ocrx_word' id='word_1_60' title='bbox 1093 732 1169 791; x_wconf 91' lang='lat' dir='ltr'><strong>velit</strong></span> 
     </span>
     <span class='ocr_line' id='line_1_8' title="bbox 161 814 1167 893; baseline -0.001 -18"><span class='ocrx_word' id='word_1_61' title='bbox 161 833 250 875; x_wconf 88' lang='lat' dir='ltr'><strong>omno</strong></span> <span class='ocrx_word' id='word_1_62' title='bbox 266 832 434 875; x_wconf 88' lang='lat' dir='ltr'><strong>consecrare</strong></span> <span class='ocrx_word' id='word_1_63' title='bbox 453 814 597 891; x_wconf 89' lang='lat' dir='ltr'><strong>quidquid</strong></span> <span class='ocrx_word' id='word_1_64' title='bbox 612 823 681 873; x_wconf 89' lang='lat' dir='ltr'><strong>ante</strong></span> <span class='ocrx_word' id='word_1_65' title='bbox 694 832 724 872; x_wconf 90' lang='lat' dir='ltr'><strong>se</strong></span> <span class='ocrx_word' id='word_1_66' title='bbox 739 814 865 893; x_wconf 88' lang='lat' dir='ltr'><strong>positum</strong></span> <span class='ocrx_word' id='word_1_67' title='bbox 879 822 933 871; x_wconf 89' lang='lat' dir='ltr'><strong>est.</strong></span> <span class='ocrx_word' id='word_1_68' title='bbox 948 816 989 871; x_wconf 84' lang='lat' dir='ltr'><strong>Ex</strong></span> <span class='ocrx_word' id='word_1_69' title='bbox 1003 815 1167 892; x_wconf 76' lang='lat' dir='ltr'><strong>quo&#39;intcl-</strong></span> 
     </span>
     <span class='ocr_line' id='line_1_9' title="bbox 89 895 1169 977; baseline 0.001 -18"><span class='ocrx_word' id='word_1_70' title='bbox 89 936 94 951; x_wconf 87' lang='lat'><strong>·</strong></span> <span class='ocrx_word' id='word_1_71' title='bbox 163 898 266 977; x_wconf 83' lang='lat' dir='ltr'><strong>ligitur</strong></span> <span class='ocrx_word' id='word_1_72' title='bbox 285 900 482 966; x_wconf 87' lang='lat' dir='ltr'><strong>sacerdotem,</strong></span> <span class='ocrx_word' id='word_1_73' title='bbox 497 902 550 976; x_wconf 87' lang='lat' dir='ltr'><strong>qul</strong></span> <span class='ocrx_word' id='word_1_74' title='bbox 572 917 639 957; x_wconf 89' lang='lat' dir='ltr'><strong>eum</strong></span> <span class='ocrx_word' id='word_1_75' title='bbox 664 898 717 957; x_wconf 81' lang='lat' dir='ltr'><strong>hbe</strong></span> <span class='ocrx_word' id='word_1_76' title='bbox 738 898 900 956; x_wconf 90' lang='lat' dir='ltr'><strong>intentione</strong></span> <span class='ocrx_word' id='word_1_77' title='bbox 918 895 1058 969; x_wconf 80' lang='lat' dir='ltr'><strong>lrabctin</strong></span> <span class='ocrx_word' id='word_1_78' title='bbox 1079 917 1169 959; x_wconf 82' lang='lat' dir='ltr'><strong>uranu</strong></span> 
     </span>
     <span class='ocr_line' id='line_1_10' title="bbox 163 981 1170 1061; baseline 0.001 -20"><span class='ocrx_word' id='word_1_79' title='bbox 163 981 235 1041; x_wconf 89' lang='lat' dir='ltr'><strong>duas</strong></span> <span class='ocrx_word' id='word_1_80' title='bbox 255 982 383 1058; x_wconf 87' lang='lat' dir='ltr'><strong>hostias,</strong></span> <span class='ocrx_word' id='word_1_81' title='bbox 405 999 494 1041; x_wconf 89' lang='lat' dir='ltr'><strong>unam</strong></span> <span class='ocrx_word' id='word_1_82' title='bbox 507 1000 538 1041; x_wconf 91' lang='lat' dir='ltr'><strong>se</strong></span> <span class='ocrx_word' id='word_1_83' title='bbox 551 992 652 1042; x_wconf 88' lang='lat' dir='ltr'><strong>tenere</strong></span> <span class='ocrx_word' id='word_1_84' title='bbox 666 991 792 1061; x_wconf 89' lang='lat' dir='ltr'><strong>putans,</strong></span> <span class='ocrx_word' id='word_1_85' title='bbox 811 991 966 1059; x_wconf 88' lang='lat' dir='ltr'><strong>utrumque</strong></span> <span class='ocrx_word' id='word_1_86' title='bbox 979 981 1084 1042; x_wconf 79' lang='lat' dir='ltr'><strong>reverit</strong></span> <span class='ocrx_word' id='word_1_87' title='bbox 1100 1001 1170 1042; x_wconf 82' lang='lat' dir='ltr'><strong>cora·</strong></span> 
     </span>
     <span class='ocr_line' id='line_1_11' title="bbox 162 1067 746 1145; baseline 0 -19"><span class='ocrx_word' id='word_1_88' title='bbox 162 1084 285 1126; x_wconf 81' lang='lat' dir='ltr'><strong>serrare.</strong></span> <span class='ocrx_word' id='word_1_89' title='bbox 301 1069 345 1125; x_wconf 92' lang='lat' dir='ltr'><strong>lb.</strong></span> <span class='ocrx_word' id='word_1_90' title='bbox 359 1085 391 1125; x_wconf 91' lang='lat' dir='ltr'><strong>n.</strong></span> <span class='ocrx_word' id='word_1_91' title='bbox 411 1067 440 1125; x_wconf 88' lang='grc'><strong>7.</strong></span> <span class='ocrx_word' id='word_1_92' title='bbox 743 1136 746 1145; x_wconf 25' lang='lat'><strong>¹</strong></span> 
     </span>
    </p>

    <p class='ocr_par' dir='ltr' id='par_1_4' title="bbox 163 1144 1283 1547">
     <span class='ocr_line' id='line_1_12' title="bbox 202 1144 1174 1227; baseline 0 -17"><span class='ocrx_word' id='word_1_93' title='bbox 202 1150 317 1227; x_wconf 87' lang='lat' dir='ltr'><strong>llissam</strong></span> <span class='ocrx_word' id='word_1_94' title='bbox 332 1151 377 1209; x_wconf 91' lang='lat' dir='ltr'><strong>bis</strong></span> <span class='ocrx_word' id='word_1_95' title='bbox 389 1149 493 1209; x_wconf 90' lang='lat' dir='ltr'><strong>eodem</strong></span> <span class='ocrx_word' id='word_1_96' title='bbox 503 1149 551 1210; x_wconf 89' lang='lat' dir='ltr'><strong>die</strong></span> <span class='ocrx_word' id='word_1_97' title='bbox 563 1151 726 1221; x_wconf 89' lang='lat' dir='ltr'><strong>celebrare,</strong></span> <span class='ocrx_word' id='word_1_98' title='bbox 738 1148 871 1226; x_wconf 87' lang='lat' dir='ltr'><strong>quamvis</strong></span> <span class='ocrx_word' id='word_1_99' title='bbox 884 1144 959 1209; x_wconf 87' lang='lat' dir='ltr'><strong>adsit</strong></span> <span class='ocrx_word' id='word_1_100' title='bbox 969 1164 1054 1209; x_wconf 85' lang='lat' dir='ltr'><strong>causa</strong></span> <span class='ocrx_word' id='word_1_101' title='bbox 1071 1169 1174 1210; x_wconf 89' lang='lat' dir='ltr'><strong>neres·</strong></span> 
     </span>
     <span class='ocr_line' id='line_1_13' title="bbox 163 1232 1175 1314; baseline 0.005 -22"><span class='ocrx_word' id='word_1_102' title='bbox 163 1232 274 1301; x_wconf 85' lang='lat' dir='ltr'><strong>sitatis,</strong></span> <span class='ocrx_word' id='word_1_103' title='bbox 296 1251 383 1293; x_wconf 88' lang='lat' dir='ltr'><strong>nemo</strong></span> <span class='ocrx_word' id='word_1_104' title='bbox 405 1243 500 1314; x_wconf 88' lang='lat' dir='ltr'><strong>potest</strong></span> <span class='ocrx_word' id='word_1_105' title='bbox 524 1234 637 1294; x_wconf 91' lang='lat' dir='ltr'><strong>etiamsi</strong></span> <span class='ocrx_word' id='word_1_106' title='bbox 661 1232 806 1312; x_wconf 83' lang='lat' dir='ltr'><strong>parochus</strong></span> <span class='ocrx_word' id='word_1_107' title='bbox 827 1234 883 1302; x_wconf 88' lang='lat' dir='ltr'><strong>sit,</strong></span> <span class='ocrx_word' id='word_1_108' title='bbox 907 1235 962 1292; x_wconf 85' lang='lat' dir='ltr'><strong>nisi</strong></span> <span class='ocrx_word' id='word_1_109' title='bbox 980 1234 1083 1295; x_wconf 88' lang='lat' dir='ltr'><strong>saltem</strong></span> <span class='ocrx_word' id='word_1_110' title='bbox 1102 1238 1175 1314; x_wconf 84' lang='lat' dir='ltr'><strong>Epi·</strong></span> 
     </span>
     <span class='ocr_line' id='line_1_14' title="bbox 164 1316 1173 1396; baseline 0.003 -21"><span class='ocrx_word' id='word_1_111' title='bbox 164 1317 242 1395; x_wconf 85' lang='lat' dir='ltr'><strong>scopi</strong></span> <span class='ocrx_word' id='word_1_112' title='bbox 263 1318 380 1377; x_wconf 89' lang='lat' dir='ltr'><strong>licentia</strong></span> <span class='ocrx_word' id='word_1_113' title='bbox 400 1317 514 1378; x_wconf 90' lang='lat' dir='ltr'><strong>accedat</strong></span> <span class='ocrx_word' id='word_1_114' title='bbox 527 1338 536 1396; x_wconf 82' lang='lat'>3</span> <span class='ocrx_word' id='word_1_115' title='bbox 551 1337 619 1395; x_wconf 79' lang='lat' dir='ltr'><strong>quae</strong></span> <span class='ocrx_word' id='word_1_116' title='bbox 639 1327 739 1377; x_wconf 87' lang='lat' dir='ltr'><strong>tamen</strong></span> <span class='ocrx_word' id='word_1_117' title='bbox 758 1317 845 1377; x_wconf 90' lang='lat' dir='ltr'><strong>datur</strong></span> <span class='ocrx_word' id='word_1_118' title='bbox 864 1316 901 1375; x_wconf 93' lang='lat' dir='ltr'><strong>ob</strong></span> <span class='ocrx_word' id='word_1_119' title='bbox 922 1335 1020 1377; x_wconf 87' lang='lat' dir='ltr'><strong>causas</strong></span> <span class='ocrx_word' id='word_1_120' title='bbox 1042 1319 1173 1396; x_wconf 82' lang='lat' dir='ltr'><strong>singula·</strong></span> 
     </span>
     <span class='ocr_line' id='line_1_15' title="bbox 164 1402 1212 1480; baseline 0.002 -19"><span class='ocrx_word' id='word_1_121' title='bbox 164 1418 230 1472; x_wconf 89' lang='lat' dir='ltr'><strong>res,</strong></span> <span class='ocrx_word' id='word_1_122' title='bbox 253 1420 314 1461; x_wconf 92' lang='lat' dir='ltr'><strong>non</strong></span> <span class='ocrx_word' id='word_1_123' title='bbox 337 1410 486 1480; x_wconf 89' lang='lat' dir='ltr'><strong>tamquam</strong></span> <span class='ocrx_word' id='word_1_124' title='bbox 510 1402 710 1480; x_wconf 83' lang='lat' dir='ltr'><strong>privilegium.</strong></span> <span class='ocrx_word' id='word_1_125' title='bbox 734 1402 778 1461; x_wconf 88' lang='lat' dir='ltr'><strong>lto</strong></span> <span class='ocrx_word' id='word_1_126' title='bbox 800 1402 933 1460; x_wconf 72' lang='lat' dir='ltr'><strong>Pontifex</strong></span> <span class='ocrx_word' id='word_1_127' title='bbox 957 1402 988 1460; x_wconf 92' lang='lat' dir='ltr'><strong>in</strong></span> <span class='ocrx_word' id='word_1_128' title='bbox 1010 1402 1091 1463; x_wconf 80' lang='lat' dir='ltr'><strong>bullat</strong></span> <span class='ocrx_word' id='word_1_129' title='bbox 1111 1406 1175 1463; x_wconf 84' lang='lat' dir='ltr'><strong>De·</strong></span> <span class='ocrx_word' id='word_1_130' title='bbox 1209 1432 1212 1437; x_wconf 94' lang='lat'>·</span> 
     </span>
     <span class='ocr_line' id='line_1_16' title="bbox 166 1481 1283 1547; baseline 0.01 -2"><span class='ocrx_word' id='word_1_131' title='bbox 166 1481 299 1547; x_wconf 74' lang='lat' dir='ltr'><strong>siccasti.</strong></span> <span class='ocrx_word' id='word_1_132' title='bbox 656 1512 660 1517; x_wconf 93' lang='lat'>·</span> <span class='ocrx_word' id='word_1_133' title='bbox 1281 1493 1283 1502; x_wconf 87' lang='lat'>&#39;</span> 
     </span>
    </p>

    <p class='ocr_par' dir='ltr' id='par_1_5' title="bbox 166 1570 1180 2070">
     <span class='ocr_line' id='line_1_17' title="bbox 205 1570 1173 1650; baseline 0.005 -22"><span class='ocrx_word' id='word_1_134' title='bbox 205 1570 362 1641; x_wconf 81' lang='lat' dir='ltr'><strong>Sacerdos,</strong></span> <span class='ocrx_word' id='word_1_135' title='bbox 383 1572 433 1648; x_wconf 78' lang='lat' dir='ltr'><strong>quui</strong></span> <span class='ocrx_word' id='word_1_136' title='bbox 447 1588 561 1631; x_wconf 86' lang='lat' dir='ltr'><strong>sacrum</strong></span> <span class='ocrx_word' id='word_1_137' title='bbox 581 1572 675 1631; x_wconf 87' lang='lat' dir='ltr'><strong>iacere</strong></span> <span class='ocrx_word' id='word_1_138' title='bbox 694 1570 825 1649; x_wconf 79' lang='lat' dir='ltr'><strong>quotidie</strong></span> <span class='ocrx_word' id='word_1_139' title='bbox 839 1589 892 1649; x_wconf 92' lang='lat' dir='ltr'><strong>per</strong></span> <span class='ocrx_word' id='word_1_140' title='bbox 909 1572 1039 1650; x_wconf 89' lang='lat' dir='ltr'><strong>seipsum</strong></span> <span class='ocrx_word' id='word_1_141' title='bbox 1061 1573 1173 1649; x_wconf 87' lang='lat' dir='ltr'><strong>debet,</strong></span> 
     </span>
     <span class='ocr_line' id='line_1_18' title="bbox 168 1655 1179 1737; baseline 0.004 -24"><span class='ocrx_word' id='word_1_142' title='bbox 168 1663 263 1737; x_wconf 87' lang='lat' dir='ltr'><strong>potest</strong></span> <span class='ocrx_word' id='word_1_143' title='bbox 285 1655 444 1732; x_wconf 79' lang='lat' dir='ltr'><strong>aliquando</strong></span> <span class='ocrx_word' id='word_1_144' title='bbox 467 1656 540 1715; x_wconf 86' lang='lat' dir='ltr'><strong>illud</strong></span> <span class='ocrx_word' id='word_1_145' title='bbox 563 1657 721 1724; x_wconf 86' lang='lat' dir='ltr'><strong>omittere,</strong></span> <span class='ocrx_word' id='word_1_146' title='bbox 745 1667 808 1714; x_wconf 87' lang='lat' dir='ltr'><strong>turn</strong></span> <span class='ocrx_word' id='word_1_147' title='bbox 833 1657 901 1732; x_wconf 90' lang='lat' dir='ltr'><strong>quia</strong></span> <span class='ocrx_word' id='word_1_148' title='bbox 924 1674 957 1714; x_wconf 91' lang='lat' dir='ltr'><strong>ea</strong></span> <span class='ocrx_word' id='word_1_149' title='bbox 984 1660 1179 1735; x_wconf 79' lang='lat' dir='ltr'><strong>praesentitur</strong></span> 
     </span>
     <span class='ocr_line' id='line_1_19' title="bbox 166 1739 1180 1820; baseline 0.006 -25"><span class='ocrx_word' id='word_1_150' title='bbox 166 1739 301 1799; x_wconf 76' lang='lat' dir='ltr'><strong>uoluntas</strong></span> <span class='ocrx_word' id='word_1_151' title='bbox 321 1740 502 1816; x_wconf 78' lang='lat' dir='ltr'><strong>fundatoris,</strong></span> <span class='ocrx_word' id='word_1_152' title='bbox 525 1750 588 1799; x_wconf 89' lang='lat' dir='ltr'><strong>tum</strong></span> <span class='ocrx_word' id='word_1_153' title='bbox 610 1741 645 1798; x_wconf 88' lang='lat' dir='ltr'><strong>ad</strong></span> <span class='ocrx_word' id='word_1_154' title='bbox 666 1739 807 1814; x_wconf 81' lang='lat' dir='ltr'><strong>majorem</strong></span> <span class='ocrx_word' id='word_1_155' title='bbox 828 1741 965 1817; x_wconf 88' lang='lat' dir='ltr'><strong>pietatem</strong></span> <span class='ocrx_word' id='word_1_156' title='bbox 985 1742 1040 1801; x_wconf 92' lang='lat' dir='ltr'><strong>sibi</strong></span> <span class='ocrx_word' id='word_1_157' title='bbox 1056 1762 1180 1820; x_wconf 87' lang='lat' dir='ltr'><strong>eompa-</strong></span> 
     </span>
     <span class='ocr_line' id='line_1_20' title="bbox 166 1822 1179 1904; baseline 0.003 -22"><span class='ocrx_word' id='word_1_158' title='bbox 166 1823 307 1896; x_wconf 81' lang='lat' dir='ltr'><strong>randam,</strong></span> <span class='ocrx_word' id='word_1_159' title='bbox 327 1834 361 1883; x_wconf 91' lang='lat' dir='ltr'><strong>ut</strong></span> <span class='ocrx_word' id='word_1_160' title='bbox 381 1842 417 1884; x_wconf 86' lang='lat' dir='ltr'><strong>ex</strong></span> <span class='ocrx_word' id='word_1_161' title='bbox 435 1840 498 1903; x_wconf 87' lang='lat' dir='ltr'><strong>cap.</strong></span> <span class='ocrx_word' id='word_1_162' title='bbox 510 1822 727 1903; x_wconf 71' lang='lat' dir='ltr'><strong>Siqnificotuoa,</strong></span> <span class='ocrx_word' id='word_1_163' title='bbox 742 1823 779 1883; x_wconf 63' lang='lat' dir='ltr'><strong>‘de</strong></span> <span class='ocrx_word' id='word_1_164' title='bbox 796 1822 980 1904; x_wconf 53' lang='lat' dir='ltr'><strong>prouinciatim</strong></span> <span class='ocrx_word' id='word_1_165' title='bbox 997 1844 1057 1886; x_wconf 91' lang='lat' dir='ltr'><strong>non</strong></span> <span class='ocrx_word' id='word_1_166' title='bbox 1076 1836 1179 1885; x_wconf 87' lang='lat' dir='ltr'><strong>tamen</strong></span> 
     </span>
     <span class='ocr_line' id='line_1_21' title="bbox 166 1908 1179 1986; baseline 0.004 -21"><span class='ocrx_word' id='word_1_167' title='bbox 166 1916 283 1986; x_wconf 79' lang='lat' dir='ltr'><strong>potest,</strong></span> <span class='ocrx_word' id='word_1_168' title='bbox 302 1909 360 1985; x_wconf 78' lang='lat' dir='ltr'><strong>qud</strong></span> <span class='ocrx_word' id='word_1_169' title='bbox 378 1908 426 1967; x_wconf 92' lang='lat' dir='ltr'><strong>die</strong></span> <span class='ocrx_word' id='word_1_170' title='bbox 449 1917 547 1983; x_wconf 83' lang='lat' dir='ltr'><strong>vacat,</strong></span> <span class='ocrx_word' id='word_1_171' title='bbox 567 1926 683 1967; x_wconf 86' lang='lat' dir='ltr'><strong>sacrum</strong></span> <span class='ocrx_word' id='word_1_172' title='bbox 705 1925 807 1985; x_wconf 83' lang='lat' dir='ltr'><strong>agere,</strong></span> <span class='ocrx_word' id='word_1_173' title='bbox 825 1917 855 1966; x_wconf 91' lang='lat' dir='ltr'><strong>et</strong></span> <span class='ocrx_word' id='word_1_174' title='bbox 877 1909 963 1967; x_wconf 90' lang='lat' dir='ltr'><strong>alicui</strong></span> <span class='ocrx_word' id='word_1_175' title='bbox 987 1910 1179 1983; x_wconf 86' lang='lat' dir='ltr'><strong>attribuere,</strong></span> 
     </span>
     <span class='ocr_line' id='line_1_22' title="bbox 167 1991 1145 2070; baseline 0.001 -20"><span class='ocrx_word' id='word_1_176' title='bbox 167 1991 304 2069; x_wconf 80' lang='lat' dir='ltr'><strong>percepti</strong></span> <span class='ocrx_word' id='word_1_177' title='bbox 324 1992 522 2069; x_wconf 63' lang='lat' dir='ltr'><strong>eleemosyna</strong></span> <span class='ocrx_word' id='word_1_178' title='bbox 539 1992 582 2050; x_wconf 90' lang='lat' dir='ltr'><strong>De</strong></span> <span class='ocrx_word' id='word_1_179' title='bbox 598 1992 693 2051; x_wconf 87' lang='lat' dir='ltr'><strong>sacris.</strong></span> <span class='ocrx_word' id='word_1_180' title='bbox 712 1993 791 2051; x_wconf 86' lang='lat' dir='ltr'><strong>miss.</strong></span> <span class='ocrx_word' id='word_1_181' title='bbox 807 1991 860 2050; x_wconf 89' lang='lat' dir='ltr'><strong>lib.</strong></span> <span class='ocrx_word' id='word_1_182' title='bbox 877 1993 905 2050; x_wconf 78' lang='lat'><strong>3.</strong></span> <span class='ocrx_word' id='word_1_183' title='bbox 923 2011 985 2070; x_wconf 89' lang='lat' dir='ltr'><strong>cap.</strong></span> <span class='ocrx_word' id='word_1_184' title='bbox 1002 1994 1051 2052; x_wconf 72' lang='lat'><strong>22.</strong></span> <span class='ocrx_word' id='word_1_185' title='bbox 1066 2012 1098 2052; x_wconf 82' lang='lat' dir='ltr'><strong>n.</strong></span> <span class='ocrx_word' id='word_1_186' title='bbox 1113 1996 1145 2051; x_wconf 85' lang='lat'><strong>5.</strong></span> 
     </span>
    </p>

    <p class='ocr_par' dir='ltr' id='par_1_6' title="bbox 168 2073 1181 2473">
     <span class='ocr_line' id='line_1_23' title="bbox 206 2073 1180 2154; baseline 0.003 -20"><span class='ocrx_word' id='word_1_187' title='bbox 206 2074 286 2134; x_wconf 85' lang='lat' dir='ltr'><strong>Sicut</strong></span> <span class='ocrx_word' id='word_1_188' title='bbox 304 2092 356 2133; x_wconf 91' lang='lat' dir='ltr'><strong>nee</strong></span> <span class='ocrx_word' id='word_1_189' title='bbox 374 2082 469 2154; x_wconf 88' lang='lat' dir='ltr'><strong>potest</strong></span> <span class='ocrx_word' id='word_1_190' title='bbox 488 2073 671 2152; x_wconf 86' lang='lat' dir='ltr'><strong>duplicatum</strong></span> <span class='ocrx_word' id='word_1_191' title='bbox 692 2075 871 2154; x_wconf 79' lang='lat' dir='ltr'><strong>stipendium</strong></span> <span class='ocrx_word' id='word_1_192' title='bbox 889 2078 943 2153; x_wconf 89' lang='lat' dir='ltr'><strong>pro</strong></span> <span class='ocrx_word' id='word_1_193' title='bbox 964 2077 1067 2136; x_wconf 83' lang='lat' dir='ltr'><strong>eddom</strong></span> <span class='ocrx_word' id='word_1_194' title='bbox 1088 2078 1180 2137; x_wconf 84' lang='lat' dir='ltr'><strong>missd</strong></span> 
     </span>
     <span class='ocr_line' id='line_1_24' title="bbox 168 2159 1181 2240; baseline 0.002 -22"><span class='ocrx_word' id='word_1_195' title='bbox 168 2159 315 2236; x_wconf 88' lang='lat' dir='ltr'><strong>accipere,</strong></span> <span class='ocrx_word' id='word_1_196' title='bbox 333 2159 505 2237; x_wconf 86' lang='lat' dir='ltr'><strong>applicando</strong></span> <span class='ocrx_word' id='word_1_197' title='bbox 526 2160 577 2219; x_wconf 92' lang='lat' dir='ltr'><strong>uni</strong></span> <span class='ocrx_word' id='word_1_198' title='bbox 599 2160 728 2219; x_wconf 81' lang='lat' dir='ltr'><strong>fructum</strong></span> <span class='ocrx_word' id='word_1_199' title='bbox 751 2160 901 2228; x_wconf 86' lang='lat' dir='ltr'><strong>medium,</strong></span> <span class='ocrx_word' id='word_1_200' title='bbox 925 2160 1008 2220; x_wconf 86' lang='lat' dir='ltr'><strong>alteri</strong></span> <span class='ocrx_word' id='word_1_201' title='bbox 1030 2161 1181 2240; x_wconf 85' lang='lat' dir='ltr'><strong>specialis-</strong></span> 
     </span>
     <span class='ocr_line' id='line_1_25' title="bbox 168 2242 1180 2323; baseline 0.003 -22"><span class='ocrx_word' id='word_1_202' title='bbox 168 2242 300 2316; x_wconf 71' lang='lat' dir='ltr'><strong>simum,</strong></span> <span class='ocrx_word' id='word_1_203' title='bbox 325 2252 355 2302; x_wconf 92' lang='lat' dir='ltr'><strong>et</strong></span> <span class='ocrx_word' id='word_1_204' title='bbox 381 2243 558 2303; x_wconf 89' lang='lat' dir='ltr'><strong>contrariam</strong></span> <span class='ocrx_word' id='word_1_205' title='bbox 584 2245 758 2303; x_wconf 88' lang='lat' dir='ltr'><strong>sententiam</strong></span> <span class='ocrx_word' id='word_1_206' title='bbox 785 2244 954 2323; x_wconf 83' lang='lat' dir='ltr'><strong>proscripsit</strong></span> <span class='ocrx_word' id='word_1_207' title='bbox 980 2245 1180 2323; x_wconf 80' lang='lat' dir='ltr'><strong>congregatio</strong></span> 
     </span>
     <span class='ocr_line' id='line_1_26' title="bbox 168 2324 1178 2410; baseline 0.001 -22"><span class='ocrx_word' id='word_1_208' title='bbox 168 2328 200 2388; x_wconf 88' lang='lat' dir='ltr'><strong>S.</strong></span> <span class='ocrx_word' id='word_1_209' title='bbox 216 2327 328 2397; x_wconf 83' lang='lat' dir='ltr'><strong>Officii,</strong></span> <span class='ocrx_word' id='word_1_210' title='bbox 344 2346 378 2387; x_wconf 91' lang='lat' dir='ltr'><strong>ac</strong></span> <span class='ocrx_word' id='word_1_211' title='bbox 394 2328 463 2387; x_wconf 89' lang='lat' dir='ltr'><strong>dein</strong></span> <span class='ocrx_word' id='word_1_212' title='bbox 478 2324 646 2390; x_wconf 72' lang='lat' dir='ltr'><strong>Alexander</strong></span> <span class='ocrx_word' id='word_1_213' title='bbox 665 2331 736 2393; x_wconf 85' lang='lat' dir='ltr'><strong>VII.</strong></span> <span class='ocrx_word' id='word_1_214' title='bbox 754 2324 899 2410; x_wconf 84' lang='lat' dir='ltr'><strong>Proposit.</strong></span> <span class='ocrx_word' id='word_1_215' title='bbox 919 2331 969 2389; x_wconf 82' lang='lat' dir='ltr'><strong>tx.</strong></span> <span class='ocrx_word' id='word_1_216' title='bbox 992 2331 1075 2390; x_wconf 88' lang='lat' dir='ltr'><strong>inter</strong></span> <span class='ocrx_word' id='word_1_217' title='bbox 1088 2329 1178 2389; x_wconf 87' lang='lat' dir='ltr'><strong>dam·</strong></span> 
     </span>
     <span class='ocr_line' id='line_1_27' title="bbox 171 2412 483 2473; baseline -0.006 0"><span class='ocrx_word' id='word_1_218' title='bbox 171 2412 443 2473; x_wconf 84' lang='lat' dir='ltr'><strong>natas.lbid.n.li.</strong></span> <span class='ocrx_word' id='word_1_219' title='bbox 477 2416 483 2429; x_wconf 83' lang='lat'><strong><em>¹</em></strong></span> 
     </span>
    </p>

    <p class='ocr_par' dir='ltr' id='par_1_7' title="bbox 169 2495 1183 2997">
     <span class='ocr_line' id='line_1_28' title="bbox 207 2495 1180 2576; baseline 0.005 -21"><span class='ocrx_word' id='word_1_220' title='bbox 207 2495 345 2556; x_wconf 85' lang='lat' dir='ltr'><strong>Sacerdos</strong></span> <span class='ocrx_word' id='word_1_221' title='bbox 357 2498 407 2574; x_wconf 89' lang='lat' dir='ltr'><strong>qui</strong></span> <span class='ocrx_word' id='word_1_222' title='bbox 422 2495 596 2557; x_wconf 82' lang='lat' dir='ltr'><strong>beneficium</strong></span> <span class='ocrx_word' id='word_1_223' title='bbox 613 2498 758 2575; x_wconf 85' lang='lat' dir='ltr'><strong>possidet,</strong></span> <span class='ocrx_word' id='word_1_224' title='bbox 778 2499 808 2558; x_wconf 93' lang='lat' dir='ltr'><strong>in</strong></span> <span class='ocrx_word' id='word_1_225' title='bbox 827 2499 910 2576; x_wconf 87' lang='lat' dir='ltr'><strong>cujus</strong></span> <span class='ocrx_word' id='word_1_226' title='bbox 929 2498 1104 2558; x_wconf 81' lang='lat' dir='ltr'><strong>fundatione</strong></span> <span class='ocrx_word' id='word_1_227' title='bbox 1124 2518 1180 2560; x_wconf 85' lang='lat' dir='ltr'><strong>ex·</strong></span> 
     </span>
     <span class='ocr_line' id='line_1_29' title="bbox 171 2580 1181 2662; baseline 0.004 -21"><span class='ocrx_word' id='word_1_228' title='bbox 171 2580 268 2661; x_wconf 75' lang='lat' dir='ltr'><strong>pressi</strong></span> <span class='ocrx_word' id='word_1_229' title='bbox 284 2591 401 2641; x_wconf 90' lang='lat' dir='ltr'><strong>cautum</strong></span> <span class='ocrx_word' id='word_1_230' title='bbox 416 2590 478 2653; x_wconf 89' lang='lat' dir='ltr'><strong>est,</strong></span> <span class='ocrx_word' id='word_1_231' title='bbox 494 2599 552 2641; x_wconf 92' lang='lat' dir='ltr'><strong>non</strong></span> <span class='ocrx_word' id='word_1_232' title='bbox 572 2583 667 2642; x_wconf 78' lang='lat' dir='ltr'><strong>tendri</strong></span> <span class='ocrx_word' id='word_1_233' title='bbox 688 2584 881 2643; x_wconf 81' lang='lat' dir='ltr'><strong>celebrantem</strong></span> <span class='ocrx_word' id='word_1_234' title='bbox 896 2583 932 2642; x_wconf 93' lang='lat' dir='ltr'><strong>ad</strong></span> <span class='ocrx_word' id='word_1_235' title='bbox 948 2584 1181 2662; x_wconf 86' lang='lat' dir='ltr'><strong>applicationem</strong></span> 
     </span>
     <span class='ocr_line' id='line_1_30' title="bbox 169 2665 1182 2745; baseline 0.003 -20"><span class='ocrx_word' id='word_1_236' title='bbox 169 2665 302 2726; x_wconf 83' lang='lat' dir='ltr'><strong>sacrificii</strong></span> <span class='ocrx_word' id='word_1_237' title='bbox 316 2709 324 2737; x_wconf 81' lang='lat'><strong>,</strong></span> <span class='ocrx_word' id='word_1_238' title='bbox 348 2665 421 2724; x_wconf 79' lang='lat' dir='ltr'><strong>nium</strong></span> <span class='ocrx_word' id='word_1_239' title='bbox 449 2667 539 2744; x_wconf 89' lang='lat' dir='ltr'><strong>possit</strong></span> <span class='ocrx_word' id='word_1_240' title='bbox 567 2684 621 2744; x_wconf 91' lang='lat' dir='ltr'><strong>pro</strong></span> <span class='ocrx_word' id='word_1_241' title='bbox 644 2668 837 2745; x_wconf 86' lang='lat' dir='ltr'><strong>applicatione</strong></span> <span class='ocrx_word' id='word_1_242' title='bbox 860 2686 969 2727; x_wconf 87' lang='lat' dir='ltr'><strong>novum</strong></span> <span class='ocrx_word' id='word_1_243' title='bbox 995 2668 1182 2744; x_wconf 86' lang='lat' dir='ltr'><strong>stipendium</strong></span> 
     </span>
     <span class='ocr_line' id='line_1_31' title="bbox 170 2748 1183 2830; baseline 0.004 -21"><span class='ocrx_word' id='word_1_244' title='bbox 170 2748 307 2826; x_wconf 78' lang='lat' dir='ltr'><strong>exigere?</strong></span> <span class='ocrx_word' id='word_1_245' title='bbox 327 2767 387 2808; x_wconf 92' lang='lat' dir='ltr'><strong>non</strong></span> <span class='ocrx_word' id='word_1_246' title='bbox 408 2759 545 2825; x_wconf 82' lang='lat' dir='ltr'><strong>vetatur3</strong></span> <span class='ocrx_word' id='word_1_247' title='bbox 563 2750 614 2808; x_wconf 91' lang='lat' dir='ltr'><strong>scd</strong></span> <span class='ocrx_word' id='word_1_248' title='bbox 635 2769 731 2827; x_wconf 87' lang='lat' dir='ltr'><strong>neque</strong></span> <span class='ocrx_word' id='word_1_249' title='bbox 753 2753 927 2830; x_wconf 85' lang='lat' dir='ltr'><strong>reprobatur</strong></span> <span class='ocrx_word' id='word_1_250' title='bbox 948 2754 1093 2811; x_wconf 84' lang='lat' dir='ltr'><strong>contraria</strong></span> <span class='ocrx_word' id='word_1_251' title='bbox 1109 2771 1183 2813; x_wconf 85' lang='lat' dir='ltr'><strong>sen·</strong></span> 
     </span>
     <span class='ocr_line' id='line_1_32' title="bbox 170 2834 1177 2914; baseline 0.007 -21"><span class='ocrx_word' id='word_1_252' title='bbox 170 2834 262 2893; x_wconf 89' lang='lat' dir='ltr'><strong>tentia</strong></span> <span class='ocrx_word' id='word_1_253' title='bbox 283 2834 313 2891; x_wconf 90' lang='lat' dir='ltr'><strong>id</strong></span> <span class='ocrx_word' id='word_1_254' title='bbox 333 2852 455 2910; x_wconf 81' lang='lat' dir='ltr'><strong>negans,</strong></span> <span class='ocrx_word' id='word_1_255' title='bbox 472 2842 503 2892; x_wconf 89' lang='lat' dir='ltr'><strong>et</strong></span> <span class='ocrx_word' id='word_1_256' title='bbox 523 2834 637 2893; x_wconf 90' lang='lat' dir='ltr'><strong>decreta</strong></span> <span class='ocrx_word' id='word_1_257' title='bbox 658 2836 689 2893; x_wconf 89' lang='lat' dir='ltr'><strong>S.</strong></span> <span class='ocrx_word' id='word_1_258' title='bbox 703 2837 941 2914; x_wconf 78' lang='lat' dir='ltr'><strong>congregationis</strong></span> <span class='ocrx_word' id='word_1_259' title='bbox 963 2836 1087 2896; x_wconf 77' lang='lat' dir='ltr'><strong>Consilii</strong></span> <span class='ocrx_word' id='word_1_260' title='bbox 1111 2856 1177 2899; x_wconf 90' lang='lat' dir='ltr'><strong>non</strong></span> 
     </span>
     <span class='ocr_line' id='line_1_33' title="bbox 170 2920 595 2997; baseline 0 -19"><span class='ocrx_word' id='word_1_261' title='bbox 170 2927 324 2997; x_wconf 85' lang='lat' dir='ltr'><strong>apparent.</strong></span> <span class='ocrx_word' id='word_1_262' title='bbox 345 2920 389 2978; x_wconf 82' lang='lat' dir='ltr'><strong>lb.</strong></span> <span class='ocrx_word' id='word_1_263' title='bbox 408 2938 435 2979; x_wconf 89' lang='lat' dir='ltr'><strong>c.</strong></span> <span class='ocrx_word' id='word_1_264' title='bbox 453 2921 502 2980; x_wconf 70' lang='lat' dir='ltr'><strong>m.</strong></span> <span class='ocrx_word' id='word_1_265' title='bbox 518 2938 549 2979; x_wconf 88' lang='lat' dir='ltr'><strong>n.</strong></span> <span class='ocrx_word' id='word_1_266' title='bbox 567 2921 595 2979; x_wconf 87' lang='lat'><strong>7.</strong></span> 
     </span>
    </p>

    <p class='ocr_par' dir='ltr' id='par_1_8' title="bbox 170 3002 1185 3334">
     <span class='ocr_line' id='line_1_34' title="bbox 209 3002 1184 3083; baseline 0.008 -21"><span class='ocrx_word' id='word_1_267' title='bbox 209 3003 240 3063; x_wconf 85' lang='lat' dir='ltr'><strong>Si</strong></span> <span class='ocrx_word' id='word_1_268' title='bbox 258 3012 355 3062; x_wconf 78' lang='lat' dir='ltr'><strong>unacn</strong></span> <span class='ocrx_word' id='word_1_269' title='bbox 373 3002 448 3063; x_wconf 88' lang='lat' dir='ltr'><strong>nihil</strong></span> <span class='ocrx_word' id='word_1_270' title='bbox 463 3022 632 3081; x_wconf 77' lang='lat' dir='ltr'><strong>cupressum</strong></span> <span class='ocrx_word' id='word_1_271' title='bbox 650 3006 689 3064; x_wconf 89' lang='lat' dir='ltr'><strong>sit</strong></span> <span class='ocrx_word' id='word_1_272' title='bbox 706 3007 736 3065; x_wconf 86' lang='lat' dir='ltr'><strong>in</strong></span> <span class='ocrx_word' id='word_1_273' title='bbox 750 3005 921 3067; x_wconf 81' lang='lat' dir='ltr'><strong>fundatione</strong></span> <span class='ocrx_word' id='word_1_274' title='bbox 935 3006 1066 3083; x_wconf 88' lang='lat' dir='ltr'><strong>ejusdem</strong></span> <span class='ocrx_word' id='word_1_275' title='bbox 1088 3009 1184 3071; x_wconf 88' lang='lat' dir='ltr'><strong>bene·</strong></span> 
     </span>
     <span class='ocr_line' id='line_1_35' title="bbox 170 3085 1185 3168; baseline 0.009 -22"><span class='ocrx_word' id='word_1_276' title='bbox 170 3085 248 3157; x_wconf 88' lang='lat' dir='ltr'><strong>iicii,</strong></span> <span class='ocrx_word' id='word_1_277' title='bbox 263 3087 341 3164; x_wconf 88' lang='lat' dir='ltr'><strong>quod</strong></span> <span class='ocrx_word' id='word_1_278' title='bbox 361 3086 564 3157; x_wconf 87' lang='lat' dir='ltr'><strong>demonstret,</strong></span> <span class='ocrx_word' id='word_1_279' title='bbox 585 3098 755 3149; x_wconf 86' lang='lat' dir='ltr'><strong>testatorem</strong></span> <span class='ocrx_word' id='word_1_280' title='bbox 777 3091 929 3149; x_wconf 88' lang='lat' dir='ltr'><strong>remittere</strong></span> <span class='ocrx_word' id='word_1_281' title='bbox 952 3091 1185 3168; x_wconf 89' lang='lat' dir='ltr'><strong>applicationem</strong></span> 
     </span>
     <span class='ocr_line' id='line_1_36' title="bbox 170 3170 1184 3255; baseline 0.009 -26"><span class='ocrx_word' id='word_1_282' title='bbox 170 3170 305 3230; x_wconf 85' lang='lat' dir='ltr'><strong>sacrificii</strong></span> <span class='ocrx_word' id='word_1_283' title='bbox 329 3171 453 3231; x_wconf 88' lang='lat' dir='ltr'><strong>arbitrio</strong></span> <span class='ocrx_word' id='word_1_284' title='bbox 475 3171 653 3242; x_wconf 87' lang='lat' dir='ltr'><strong>sacerdotis,</strong></span> <span class='ocrx_word' id='word_1_285' title='bbox 675 3182 746 3233; x_wconf 90' lang='lat' dir='ltr'><strong>tunc</strong></span> <span class='ocrx_word' id='word_1_286' title='bbox 764 3190 881 3252; x_wconf 87' lang='lat' dir='ltr'><strong>semper</strong></span> <span class='ocrx_word' id='word_1_287' title='bbox 898 3174 1035 3249; x_wconf 88' lang='lat' dir='ltr'><strong>standum</strong></span> <span class='ocrx_word' id='word_1_288' title='bbox 1060 3186 1104 3236; x_wconf 92' lang='lat' dir='ltr'><strong>est</strong></span> <span class='ocrx_word' id='word_1_289' title='bbox 1124 3198 1184 3255; x_wconf 87' lang='lat' dir='ltr'><strong>pro</strong></span> 
     </span>
     <span class='ocr_line' id='line_1_37' title="bbox 171 3253 1184 3334; baseline 0.012 -23"><span class='ocrx_word' id='word_1_290' title='bbox 171 3253 349 3330; x_wconf 82' lang='lat' dir='ltr'><strong>obligatione</strong></span> <span class='ocrx_word' id='word_1_291' title='bbox 363 3255 564 3332; x_wconf 86' lang='lat' dir='ltr'><strong>applicationis</strong></span> <span class='ocrx_word' id='word_1_292' title='bbox 581 3273 635 3334; x_wconf 90' lang='lat' dir='ltr'><strong>pro</strong></span> <span class='ocrx_word' id='word_1_293' title='bbox 648 3264 802 3328; x_wconf 86' lang='lat' dir='ltr'><strong>testatore,</strong></span> <span class='ocrx_word' id='word_1_294' title='bbox 820 3266 854 3317; x_wconf 88' lang='lat' dir='ltr'><strong>ut</strong></span> <span class='ocrx_word' id='word_1_295' title='bbox 868 3276 904 3318; x_wconf 80' lang='lat' dir='ltr'><strong>cr</strong></span> <span class='ocrx_word' id='word_1_296' title='bbox 918 3257 1043 3318; x_wconf 88' lang='lat' dir='ltr'><strong>decretis</strong></span> <span class='ocrx_word' id='word_1_297' title='bbox 1059 3260 1090 3319; x_wconf 88' lang='lat' dir='ltr'><strong>S.</strong></span> <span class='ocrx_word' id='word_1_298' title='bbox 1101 3261 1184 3323; x_wconf 88' lang='lat' dir='ltr'><strong>Cou-</strong></span> 
     </span>
    </p>

    <p class='ocr_par' dir='ltr' id='par_1_9' title="bbox 171 3337 1184 3502">
     <span class='ocr_line' id='line_1_38' title="bbox 243 3337 858 3397; baseline 0.016 -3"><span class='ocrx_word' id='word_1_299' title='bbox 243 3337 357 3396; x_wconf 90' lang='lat' dir='ltr'><strong>ationis.</strong></span> <span class='ocrx_word' id='word_1_300' title='bbox 375 3337 451 3397; x_wconf 88' lang='lat' dir='ltr'><strong>lbid.</strong></span> <span class='ocrx_word' id='word_1_301' title='bbox 855 3350 858 3363; x_wconf 90' lang='lat'>&#39;</span> 
     </span>
     <span class='ocr_line' id='line_1_39' title="bbox 171 3350 1184 3502; baseline 0.01 -25"><span class='ocrx_word' id='word_1_302' title='bbox 171 3350 303 3478; x_wconf 53' lang='lat' dir='ltr'><strong>neppam</strong></span> <span class='ocrx_word' id='word_1_303' title='bbox 316 3421 347 3478; x_wconf 92' lang='lat' dir='ltr'><strong>in</strong></span> <span class='ocrx_word' id='word_1_304' title='bbox 361 3421 444 3481; x_wconf 88' lang='lat' dir='ltr'><strong>altari</strong></span> <span class='ocrx_word' id='word_1_305' title='bbox 459 3422 643 3500; x_wconf 86' lang='lat' dir='ltr'><strong>privilegiato</strong></span> <span class='ocrx_word' id='word_1_306' title='bbox 662 3423 843 3483; x_wconf 78' lang='lat' dir='ltr'><strong>celebranda</strong></span> <span class='ocrx_word' id='word_1_307' title='bbox 860 3442 976 3502; x_wconf 89' lang='lat' dir='ltr'><strong>semper</strong></span> <span class='ocrx_word' id='word_1_308' title='bbox 993 3423 1103 3485; x_wconf 90' lang='lat' dir='ltr'><strong>debent</strong></span> <span class='ocrx_word' id='word_1_309' title='bbox 1116 3445 1184 3488; x_wconf 86' lang='lat' dir='ltr'><strong>esse</strong></span> 
     </span>
    </p>
   </div>
   <div class='ocr_carea' id='block_1_3' title="bbox 171 3499 1184 3669">
    <p class='ocr_par' dir='ltr' id='par_1_10' title="bbox 171 3499 1184 3669">
     <span class='ocr_line' id='line_1_40' title="bbox 171 3499 1184 3586; baseline 0.019 -31"><span class='ocrx_word' id='word_1_310' title='bbox 171 3499 210 3556; x_wconf 88' lang='lat' dir='ltr'><strong>de</strong></span> <span class='ocrx_word' id='word_1_311' title='bbox 234 3501 382 3579; x_wconf 75' lang='lat' dir='ltr'><strong>requiem,</strong></span> <span class='ocrx_word' id='word_1_312' title='bbox 406 3506 462 3564; x_wconf 86' lang='lat' dir='ltr'><strong>nisi</strong></span> <span class='ocrx_word' id='word_1_313' title='bbox 484 3505 552 3565; x_wconf 82' lang='lat' dir='ltr'><strong>erim</strong></span> <span class='ocrx_word' id='word_1_314' title='bbox 576 3506 655 3565; x_wconf 91' lang='lat' dir='ltr'><strong>aliud</strong></span> <span class='ocrx_word' id='word_1_315' title='bbox 679 3510 785 3566; x_wconf 84' lang='lat' dir='ltr'><strong>festum</strong></span> <span class='ocrx_word' id='word_1_316' title='bbox 808 3508 937 3586; x_wconf 82' lang='lat' dir='ltr'><strong>duplex,</strong></span> <span class='ocrx_word' id='word_1_317' title='bbox 958 3509 1006 3566; x_wconf 82' lang='lat' dir='ltr'><strong>vel</strong></span> <span class='ocrx_word' id='word_1_318' title='bbox 1028 3508 1184 3574; x_wconf 89' lang='lat' dir='ltr'><strong>dominica</strong></span> 
     </span>
     <span class='ocr_line' id='line_1_41' title="bbox 171 3577 1182 3669; baseline 0.02 -34"><span class='ocrx_word' id='word_1_319' title='bbox 171 3577 233 3638; x_wconf 87' lang='lat' dir='ltr'><strong>dics</strong></span> <span class='ocrx_word' id='word_1_320' title='bbox 254 3585 434 3663; x_wconf 70' lang='lat' dir='ltr'><strong>occurrerit,</strong></span> <span class='ocrx_word' id='word_1_321' title='bbox 455 3596 525 3647; x_wconf 88' lang='lat' dir='ltr'><strong>tune</strong></span> <span class='ocrx_word' id='word_1_322' title='bbox 548 3590 628 3649; x_wconf 91' lang='lat' dir='ltr'><strong>enim</strong></span> <span class='ocrx_word' id='word_1_323' title='bbox 649 3593 812 3669; x_wconf 87' lang='lat' dir='ltr'><strong>acquiritur</strong></span> <span class='ocrx_word' id='word_1_324' title='bbox 835 3591 1040 3669; x_wconf 83' lang='lat' dir='ltr'><strong>indulgentia,</strong></span> <span class='ocrx_word' id='word_1_325' title='bbox 1061 3594 1182 3655; x_wconf 89' lang='lat' dir='ltr'><strong>etiamsi</strong></span> 
     </span>
    </p>
   </div>
   <div class='ocr_carea' id='block_1_4' title="bbox 0 0 1341 4167">
    <p class='ocr_par' dir='ltr' id='par_1_11' title="bbox 0 0 1341 4167">
     <span class='ocr_line' id='line_1_42' title="bbox 0 0 1341 4167; baseline 0 0"><span class='ocrx_word' id='word_1_326' title='bbox 0 0 1341 4167; x_wconf 95' lang='lat' dir='ltr'><strong> </strong></span> 
     </span>
    </p>
   </div>
  </div>
 </body>
</html>
