2642 4167
403 312 406 327 .
424 237 451 322 S.
464 242 489 302 l.
505 237 624 303 Manita
637 236 679 300 od
688 236 889 320 tesserarios.
1078 286 1081 292 .
1104 238 1158 301 111

194 344 335 410 trent.
351 341 524 404 (lautissime
541 360 572 404 se
591 351 675 422 gerat
695 342 726 401 in
746 338 1027 421 interrogationibus
1044 339 1084 403 de
1104 358 1163 403 ma·

154 434 230 497 teria
246 428 346 508 turpi,
360 427 524 506 praesertim
543 444 610 486 cum
631 426 756 505 puellis,
772 427 950 504 puerisque,
962 443 1001 487 ne
1014 426 1061 487 isti
1078 426 1163 487 addi·

152 526 236 580 scunt
254 513 334 599 quod
355 515 503 592 ignorant.
518 512 554 571 Et
573 513 597 571 si
617 511 680 588 ipse
697 511 729 571 in
741 509 911 587 hujusmodi
927 511 1049 572 materia
1065 519 1162 572 tentu-

151 606 251 664 tiones
271 598 420 677 potiatur,
444 598 539 657 elevet
562 594 668 674 saepids
691 603 822 655 mentem
844 595 882 654 ad
902 596 1018 666 Deum,
1038 613 1070 657 se
1089 613 1162 656 con·

150 685 297 748 vertendo
316 681 353 742 ud
375 682 504 758 aliquam
522 697 633 740 sacratu
648 679 826 757 imaginem3
839 688 869 739 et
886 678 969 758 priuis
982 679 1072 757 qubtn
1086 679 1161 740 inci·

151 773 216 852 piat
239 767 433 830 consessiones
455 765 578 837 audire,
601 773 724 825 renovet
746 781 863 843 semper
882 764 1089 828 rectitudinem
1113 765 1162 826 in·

150 855 305 919 tentionis.
1188 858 1191 863 '

191 943 261 1002 177.
275 939 315 1000 V.
332 938 453 1009 Patres,
471 944 639 1014 matresque
659 934 785 996 familias
804 937 965 1018 interroget
985 955 1047 1000 nou
1070 935 1161 1001 modb

151 1031 184 1090 in
198 1041 307 1106 genere
320 1024 395 1083 circa
413 1023 545 1082 filiorum
566 1022 789 1090 educationem,
808 1023 963 1084 sedetiam
982 1025 1013 1084 in
1032 1025 1162 1104 porticu·

126 1180 131 1185 .
151 1113 209 1174 lari
221 1154 229 1183 ,
243 1118 274 1169 et
290 1105 417 1169 marine
440 1107 594 1184 exquiret,
611 1103 714 1166 utrum
728 1106 804 1166 lilios
821 1109 970 1187 corrigant
984 1110 1060 1175 sieut
1072 1128 1161 1194 opor·

151 1205 216 1271 tet,
236 1195 260 1252 si
282 1200 408 1259 current,
425 1200 459 1251 nt
479 1191 573 1250 sciant
595 1189 761 1251 doctrinam
783 1191 973 1253 christianam
988 1213 996 1251 t
1011 1203 1045 1254 ut
1068 1196 1162 1254 vitent

150 1277 334 1340 consortium
350 1292 543 1353 personarum
559 1275 643 1353 pravi
661 1275 809 1353 exempli,
828 1285 859 1337 et
880 1279 1044 1354 prasertim
1060 1279 1083 1337 si
1101 1281 1160 1339 sint

150 1363 277 1445 puellm,
297 1358 520 1437 diligentissime
539 1358 686 1430 cavendo,
707 1377 745 1419 ne
759 1370 971 1422 conversentur
992 1380 1060 1422 cum
1074 1362 1161 1439 jure·

151 1447 241 1507 nibus
251 1489 260 1515 ,
271 1454 300 1504 et
312 1442 407 1504 multo
420 1442 519 1502 miuus
531 1462 598 1503 enm
612 1443 746 1522 personis
758 1446 918 1524 suspectis,
933 1445 1042 1516 scilicet,
1054 1465 1161 1508 uxora-

151 1532 212 1600 tis,
227 1528 393 1606 religiosis,
414 1536 445 1587 et
458 1528 667 1587 ecclesiasticis.
694 1562 697 1566 »
1006 1531 1012 1541 ’

192 1615 260 1675 178.
274 1614 326 1673 Vl.
343 1610 588 1683 Poenitentes,de
600 1610 709 1689 quibus
723 1609 803 1689 justa
822 1619 996 1690 potestesse
1015 1614 1159 1691 suspicio,

149 1698 234 1780 qudd
258 1706 381 1779 propter
407 1697 641 1764 erubescentiam
664 1696 763 1774 aliqua
785 1704 901 1782 peccata
924 1697 1091 1770 tacuerint,
1115 1700 1162 1779 (ut

150 1794 222 1846 sunt
238 1782 345 1854 rudes,
364 1778 522 1851 mulieres,
535 1790 565 1840 ct
585 1781 682 1859 pueri)
702 1782 886 1862 interroget,
904 1778 1007 1842 utrium
1021 1790 1161 1845 anteactos

150 1871 221 1932 vitae
234 1868 407 1949 scrupulum
419 1867 550 1944 aliquem
562 1866 706 1938 habeant,
720 1883 770 1928 eos
781 1865 940 1927 animando
951 1865 988 1926 ad
1002 1866 1160 1929 dicendum

151 1956 263 2016 omnia.
278 1954 334 2014 Per
350 1951 403 2013 bas
424 1952 670 2032 interrogationes
690 1952 786 2016 solent
803 1951 924 2020 liberari
942 1951 1042 2032 plures
1054 1954 1161 2016 animoa

150 2040 168 2101 b
184 2039 354 2117 sacrilegiis.
1203 2096 1207 2105 ,

191 2125 344 2186 11111111.
365 2123 487 2186 Etiamsi
507 2141 631 2203 magnus
653 2130 728 2184 esset
750 2123 959 2204 poenitentium
981 2143 1158 2204 concursus,

150 2229 213 2274 non
234 2227 267 2270 se
288 2209 428 2270 acceleret
452 2208 519 2289 pluis
540 2208 631 2288 quim
652 2219 786 2290 oportet,
808 2211 849 2271 ita
871 2220 906 2271 ut
925 2228 981 2290 pro
1004 2213 1158 2273 audiendis

150 2295 285 2377 plurium
305 2293 554 2364 confessionibus,
569 2294 687 2355 deficiat
706 2295 753 2355 rel
776 2295 853 2355 circa
872 2294 1071 2374 integritatem
1090 2314 1160 2355 con·

150 2381 302 2456 fessionis,
323 2380 371 2440 vel
388 2381 463 2440 eirca
486 2380 616 2442 debitam
638 2380 881 2462 dispositionem,
898 2388 950 2441 aut
968 2383 1085 2442 omittat
1101 2380 1161 2441 illis

150 2466 284 2547 praebere
303 2466 415 2525 monita
435 2467 609 2526 necessario.
1140 2476 1143 2481 ’

191 2551 259 2612 too.
274 2551 354 2610 Vlll.
366 2551 490 2623 Quando
504 2550 570 2627 quis
579 2550 741 2611 confitetur
753 2549 873 2628 uliquod
885 2567 974 2627 grave
989 2555 1158 2628 peccatum,

149 2646 181 2697 et
203 2634 370 2715 presertim
386 2634 411 2693 si
431 2635 542 2713 pluries
556 2636 632 2696 illud
644 2633 846 2708 commiserit,
864 2652 924 2692 non
938 2634 1044 2692 sufficit
1058 2635 1160 2711 exqui-

148 2718 857 2798 reretantummodbspeciemetnumerumgsed
868 2720 1047 2796 interroget,
1058 2718 1159 2779 utrum

146 2815 236 2867 antea
257 2805 291 2865 in
312 2805 387 2863 illud
407 2806 512 2865 endere
534 2803 779 2877 consueverit3et
800 2802 921 2879 insuper
939 2818 1008 2861 cum
1032 2821 1159 2880 quanam

147 2908 277 2972 persona
294 2891 475 2967 peccaverit,
486 2897 517 2951 et
530 2908 590 2969 quo
604 2889 691 2948 loco?
703 2894 738 2946 ut
749 2886 893 2964 intelligat
907 2884 1008 2946 utrtim
1023 2889 1062 2946 sit
1077 2884 1161 2947 babi-

146 2989 218 3046 tus,
236 2984 289 3034 ant
301 2975 413 3035 occasio
428 2992 496 3051 qnae
507 2976 546 3036 sit
562 2971 731 3033 auferenda.
747 2973 781 3032 ln
794 2971 849 3031 boe
867 2971 966 3050 plures
978 2980 1078 3031 errant
1091 2989 1162 3030 con·

146 3060 281 3132 fossarii,
296 3065 327 3116 et
347 3057 417 3117 inde
432 3067 476 3118 tot
489 3067 698 3134 tantarumque
716 3057 882 3117 animarum
900 3056 986 3116 ruina
1009 3055 1159 3135 procedit3
1228 3116 1232 3125 ,

145 3141 316 3205 omittendo
333 3141 413 3202 enim
433 3142 624 3202 confessarius
642 3139 814 3219 hujusmodi
831 3140 1093 3219 interrogationes,
1113 3158 1161 3201 ne

147 3229 216 3306 quit
229 3226 421 3303 dignoscere,
435 3225 538 3287 utrtlm
553 3228 698 3305 poenitens
709 3227 748 3287 sit
758 3225 924 3298 recidivus,
937 3234 967 3284 et
979 3243 1159 3302 consequen·

145 3320 197 3371 ter
210 3311 314 3388 nequit
329 3310 373 3371 illi
392 3308 510 3370 tradere
524 3311 620 3371 media
635 3320 801 3389 opportuna
821 3309 858 3369 ad
874 3308 1059 3370 evellendum
1074 3307 1161 3371 habi·

144 3406 233 3464 tum,
251 3403 283 3454 et
298 3395 493 3456 occasionem.
503 3394 684 3455 Observetur
702 3395 785 3471 qnod
799 3393 913 3455 dictum
925 3401 970 3453 est
985 3394 1017 3455 in
1030 3412 1094 3473 cap.
1105 3394 1158 3457 lv.

144 3486 180 3540 et
195 3479 234 3538 V.
249 3479 284 3539 in
301 3479 411 3558 quibus
425 3479 555 3540 vidimus
575 3478 769 3558 poenitentem
785 3477 950 3538 recidivum
966 3476 1090 3540 omninb
1106 3478 1159 3541 ab·

145 3561 223 3623 solvi
243 3579 304 3622 non
326 3579 431 3642 posse,
453 3563 511 3623 nisi
533 3572 600 3641 post
622 3562 837 3640 experientiam
857 3560 1093 3635 emendationis,
1110 3565 1159 3626 vel

145 3653 216 3730 post
229 3644 399 3723 exhibitum
414 3645 682 3711 extraordinarium
696 3645 817 3727 aliquod
831 3646 949 3731 signum
959 3664 1019 3710 sue
1033 3647 1158 3729 disposi-
