<?xml version="1.0" encoding="UTF-8"?>
<!DOCTYPE html PUBLIC "-//W3C//DTD XHTML 1.0 Transitional//EN"
    "http://www.w3.org/TR/xhtml1/DTD/xhtml1-transitional.dtd">
<html xmlns="http://www.w3.org/1999/xhtml" xml:lang="en" lang="en">
 <head>
  <title>
</title>
<meta http-equiv="Content-Type" content="text/html;charset=utf-8" />
  <meta name='ocr-system' content='tesseract 3.04.00' />
  <meta name='ocr-capabilities' content='ocr_page ocr_carea ocr_par ocr_line ocrx_word'/>
</head>
<body>
  <div class='ocr_page' id='page_1' title='image "./theologiamorali05heilgoog_0437.png"; bbox 0 0 2642 4167; ppageno 0'>
   <div class='ocr_carea' id='block_1_1' title="bbox 392 198 1121 281">
    <p class='ocr_par' dir='ltr' id='par_1_1' title="bbox 392 197 1121 281">
     <span class='ocr_line' id='line_1_1' title="bbox 392 198 1121 281; baseline 0.007 -21"><span class='ocrx_word' id='word_1_1' title='bbox 392 198 860 281; x_wconf 68' lang='lat' dir='ltr'>osanrdmomadeom</span> <span class='ocrx_word' id='word_1_2' title='bbox 1061 204 1121 265; x_wconf 64' lang='lat' dir='ltr'>‘tsi</span> 
     </span>
    </p>
   </div>
   <div class='ocr_carea' id='block_1_2' title="bbox 49 301 1158 3720">
    <p class='ocr_par' dir='ltr' id='par_1_2' title="bbox 114 301 1120 468">
     <span class='ocr_line' id='line_1_2' title="bbox 114 301 1120 415; baseline -0.005 -48"><span class='ocrx_word' id='word_1_3' title='bbox 114 318 197 384; x_wconf 90' lang='lat' dir='ltr'>spem</span> <span class='ocrx_word' id='word_1_4' title='bbox 217 304 412 367; x_wconf 74' lang='lat' dir='ltr'>evidentem</span> <span class='ocrx_word' id='word_1_5' title='bbox 403 315 504 364; x_wconf 82' lang='lat' dir='ltr'>messe</span> <span class='ocrx_word' id='word_1_6' title='bbox 520 303 748 380; x_wconf 67' lang='lat' dir='ltr'>resipueretis,</span> <span class='ocrx_word' id='word_1_7' title='bbox 763 308 835 362; x_wconf 90' lang='lat' dir='ltr'>tune</span> <span class='ocrx_word' id='word_1_8' title='bbox 861 301 969 364; x_wconf 78' lang='lat' dir='ltr'>iter-itm</span> <span class='ocrx_word' id='word_1_9' title='bbox 985 303 1026 363; x_wconf 80' lang='lat' dir='ltr'>ad</span> <span class='ocrx_word' id='word_1_10' title='bbox 1039 304 1120 415; x_wconf 81' lang='lat' dir='ltr'>ordi-</span> 
     </span>
     <span class='ocr_line' id='line_1_3' title="bbox 115 387 791 487; baseline -0.008 -36"><span class='ocrx_word' id='word_1_11' title='bbox 115 404 183 451; x_wconf 86' lang='lat' dir='ltr'>nem</span> <span class='ocrx_word' id='word_1_12' title='bbox 192 388 357 487; x_wconf 74' lang='lat' dir='ltr'>reeipiendi</span> <span class='ocrx_word' id='word_1_13' title='bbox 365 396 445 448; x_wconf 81' lang='lat' dir='ltr'>tarot.</span> <span class='ocrx_word' id='word_1_14' title='bbox 461 390 504 448; x_wconf 87' lang='lat' dir='ltr'>ita</span> <span class='ocrx_word' id='word_1_15' title='bbox 516 401 551 447; x_wconf 80' lang='lat' dir='ltr'>ex</span> <span class='ocrx_word' id='word_1_16' title='bbox 565 388 701 447; x_wconf 77' lang='lat' dir='ltr'>decretis</span> <span class='ocrx_word' id='word_1_17' title='bbox 714 387 791 448; x_wconf 90' lang='lat' dir='ltr'>ibid</span> 
     </span>
    </p>

    <p class='ocr_par' dir='ltr' id='par_1_3' title="bbox 49 469 1121 886">
     <span class='ocr_line' id='line_1_4' title="bbox 49 469 1117 550; baseline 0.001 -16"><span class='ocrx_word' id='word_1_18' title='bbox 49 494 55 507; x_wconf 90' lang='lat'>·</span> <span class='ocrx_word' id='word_1_19' title='bbox 153 472 278 535; x_wconf 67' lang='lat' dir='ltr'>manaim</span> <span class='ocrx_word' id='word_1_20' title='bbox 297 475 337 534; x_wconf 85' lang='lat' dir='ltr'>ita</span> <span class='ocrx_word' id='word_1_21' title='bbox 350 470 460 550; x_wconf 75' lang='lat' dir='ltr'>ejectus</span> <span class='ocrx_word' id='word_1_22' title='bbox 478 480 548 531; x_wconf 81' lang='lat' dir='ltr'>voto</span> <span class='ocrx_word' id='word_1_23' title='bbox 561 470 699 531; x_wconf 87' lang='lat' dir='ltr'>eastitatis</span> <span class='ocrx_word' id='word_1_24' title='bbox 719 469 889 533; x_wconf 72' lang='lat' dir='ltr'>omninode</span> <span class='ocrx_word' id='word_1_25' title='bbox 898 471 1055 533; x_wconf 81' lang='lat' dir='ltr'>obstrietus</span> <span class='ocrx_word' id='word_1_26' title='bbox 1068 490 1117 535; x_wconf 87' lang='lat' dir='ltr'>ro</span> 
     </span>
     <span class='ocr_line' id='line_1_5' title="bbox 115 547 1121 636; baseline -0.007 -13"><span class='ocrx_word' id='word_1_27' title='bbox 115 568 236 628; x_wconf 87' lang='lat' dir='ltr'>monet,</span> <span class='ocrx_word' id='word_1_28' title='bbox 256 547 438 636; x_wconf 80' lang='lat' dir='ltr'>paupertatis</span> <span class='ocrx_word' id='word_1_29' title='bbox 459 554 550 627; x_wconf 83' lang='lat' dir='ltr'>verb,</span> <span class='ocrx_word' id='word_1_30' title='bbox 565 570 632 615; x_wconf 89' lang='lat' dir='ltr'>eum</span> <span class='ocrx_word' id='word_1_31' title='bbox 654 555 780 633; x_wconf 78' lang='lat' dir='ltr'>quddam</span> <span class='ocrx_word' id='word_1_32' title='bbox 804 555 1027 623; x_wconf 78' lang='lat' dir='ltr'>moderatione,</span> <span class='ocrx_word' id='word_1_33' title='bbox 1043 558 1121 619; x_wconf 67' lang='lat' dir='ltr'>deut</span> 
     </span>
     <span class='ocr_line' id='line_1_6' title="bbox 115 639 1120 742; baseline -0.004 -36"><span class='ocrx_word' id='word_1_34' title='bbox 115 662 170 706; x_wconf 90' lang='lat' dir='ltr'>noe</span> <span class='ocrx_word' id='word_1_35' title='bbox 183 642 349 703; x_wconf 80' lang='lat' dir='ltr'>obedientia</span> <span class='ocrx_word' id='word_1_36' title='bbox 372 639 510 742; x_wconf 81' lang='lat' dir='ltr'>proprio</span> <span class='ocrx_word' id='word_1_37' title='bbox 517 639 662 717; x_wconf 70' lang='lat' dir='ltr'>superiori</span> <span class='ocrx_word' id='word_1_38' title='bbox 686 640 813 718; x_wconf 77' lang='lat' dir='ltr'>regulari</span> <span class='ocrx_word' id='word_1_39' title='bbox 838 639 1005 699; x_wconf 84' lang='lat' dir='ltr'>exbibenda</span> <span class='ocrx_word' id='word_1_40' title='bbox 1027 640 1064 701; x_wconf 88' lang='lat' dir='ltr'>ob</span> <span class='ocrx_word' id='word_1_41' title='bbox 1084 659 1120 702; x_wconf 81' lang='lat' dir='ltr'>es</span> 
     </span>
     <span class='ocr_line' id='line_1_7' title="bbox 113 723 1117 831; baseline -0.005 -42"><span class='ocrx_word' id='word_1_42' title='bbox 113 738 168 790; x_wconf 90' lang='lat' dir='ltr'>est.</span> <span class='ocrx_word' id='word_1_43' title='bbox 183 727 304 803; x_wconf 78' lang='lat' dir='ltr'>Reliqua</span> <span class='ocrx_word' id='word_1_44' title='bbox 318 723 389 784; x_wconf 82' lang='lat' dir='ltr'>verb</span> <span class='ocrx_word' id='word_1_45' title='bbox 408 732 476 783; x_wconf 84' lang='lat' dir='ltr'>rota</span> <span class='ocrx_word' id='word_1_46' title='bbox 501 723 532 782; x_wconf 91' lang='lat' dir='ltr'>in</span> <span class='ocrx_word' id='word_1_47' title='bbox 553 724 731 801; x_wconf 74' lang='lat' dir='ltr'>professione</span> <span class='ocrx_word' id='word_1_48' title='bbox 744 723 829 784; x_wconf 85' lang='lat' dir='ltr'>abeo</span> <span class='ocrx_word' id='word_1_49' title='bbox 852 734 1117 831; x_wconf 60' lang='lat' dir='ltr'>praeoptatam</span> 
     </span>
     <span class='ocr_line' id='line_1_8' title="bbox 114 806 988 886; baseline -0.007 -14"><span class='ocrx_word' id='word_1_50' title='bbox 114 819 237 872; x_wconf 88' lang='lat' dir='ltr'>manent</span> <span class='ocrx_word' id='word_1_51' title='bbox 259 811 290 870; x_wconf 93' lang='lat' dir='ltr'>in</span> <span class='ocrx_word' id='word_1_52' title='bbox 310 818 462 886; x_wconf 88' lang='lat' dir='ltr'>suspenso.</span> <span class='ocrx_word' id='word_1_53' title='bbox 481 808 653 867; x_wconf 86' lang='lat' dir='ltr'>ltoexDD.</span> <span class='ocrx_word' id='word_1_54' title='bbox 670 806 746 868; x_wconf 84' lang='lat' dir='ltr'>ibid.</span> <span class='ocrx_word' id='word_1_55' title='bbox 986 848 988 855; x_wconf 49' lang='lat'>&gt;</span> 
     </span>
    </p>

    <p class='ocr_par' dir='ltr' id='par_1_4' title="bbox 113 889 1120 1205">
     <span class='ocr_line' id='line_1_9' title="bbox 152 889 1120 971; baseline -0.002 -15"><span class='ocrx_word' id='word_1_56' title='bbox 152 895 267 971; x_wconf 75' lang='lat' dir='ltr'>Eiectos</span> <span class='ocrx_word' id='word_1_57' title='bbox 284 894 308 953; x_wconf 89' lang='lat' dir='ltr'>si</span> <span class='ocrx_word' id='word_1_58' title='bbox 328 906 488 970; x_wconf 75' lang='lat' dir='ltr'>provocare</span> <span class='ocrx_word' id='word_1_59' title='bbox 508 891 573 950; x_wconf 89' lang='lat' dir='ltr'>vult</span> <span class='ocrx_word' id='word_1_60' title='bbox 584 889 622 950; x_wconf 85' lang='lat' dir='ltr'>ab</span> <span class='ocrx_word' id='word_1_61' title='bbox 637 889 782 966; x_wconf 85' lang='lat' dir='ltr'>injustitid</span> <span class='ocrx_word' id='word_1_62' title='bbox 799 892 976 952; x_wconf 72' lang='lat' dir='ltr'>sententie</span> <span class='ocrx_word' id='word_1_63' title='bbox 968 909 999 953; x_wconf 87' lang='lat' dir='ltr'>tu</span> <span class='ocrx_word' id='word_1_64' title='bbox 1012 909 1044 953; x_wconf 85' lang='lat' dir='ltr'>se</span> <span class='ocrx_word' id='word_1_65' title='bbox 1054 892 1120 954; x_wconf 76' lang='lat' dir='ltr'>lato</span> 
     </span>
     <span class='ocr_line' id='line_1_10' title="bbox 114 974 1120 1053; baseline -0.004 -12"><span class='ocrx_word' id='word_1_66' title='bbox 114 979 206 1041; x_wconf 85' lang='lat' dir='ltr'>‹lebet-</span> <span class='ocrx_word' id='word_1_67' title='bbox 218 996 249 1038; x_wconf 90' lang='lat' dir='ltr'>se</span> <span class='ocrx_word' id='word_1_68' title='bbox 264 978 443 1037; x_wconf 79' lang='lat' dir='ltr'>constituere</span> <span class='ocrx_word' id='word_1_69' title='bbox 464 976 494 1034; x_wconf 92' lang='lat' dir='ltr'>in</span> <span class='ocrx_word' id='word_1_70' title='bbox 516 974 682 1034; x_wconf 79' lang='lat' dir='ltr'>carceribus</span> <span class='ocrx_word' id='word_1_71' title='bbox 702 974 877 1035; x_wconf 78' lang='lat' dir='ltr'>formalibus</span> <span class='ocrx_word' id='word_1_72' title='bbox 898 976 1072 1053; x_wconf 71' lang='lat' dir='ltr'>religionis,</span> <span class='ocrx_word' id='word_1_73' title='bbox 1086 988 1120 1036; x_wconf 87' lang='lat' dir='ltr'>ut</span> 
     </span>
     <span class='ocr_line' id='line_1_11' title="bbox 113 1058 1117 1137; baseline -0.001 -14"><span class='ocrx_word' id='word_1_74' title='bbox 113 1080 152 1123; x_wconf 85' lang='lat' dir='ltr'>er</span> <span class='ocrx_word' id='word_1_75' title='bbox 166 1061 331 1122; x_wconf 73' lang='lat' dir='ltr'>decrerat.</span> <span class='ocrx_word' id='word_1_76' title='bbox 343 1061 488 1137; x_wconf 73' lang='lat' dir='ltr'>Congreg.</span> <span class='ocrx_word' id='word_1_77' title='bbox 500 1058 643 1131; x_wconf 78' lang='lat' dir='ltr'>Consilii,</span> <span class='ocrx_word' id='word_1_78' title='bbox 657 1058 718 1119; x_wconf 87' lang='lat' dir='ltr'>fato</span> <span class='ocrx_word' id='word_1_79' title='bbox 733 1058 782 1120; x_wconf 86' lang='lat' dir='ltr'>die</span> <span class='ocrx_word' id='word_1_80' title='bbox 806 1060 843 1121; x_wconf 76' lang='lat' dir='ltr'>lb</span> <span class='ocrx_word' id='word_1_81' title='bbox 857 1076 931 1121; x_wconf 77' lang='lat' dir='ltr'>nor.</span> <span class='ocrx_word' id='word_1_82' title='bbox 945 1061 1032 1125; x_wconf 67' lang='lat' dir='ltr'>lwd</span> <span class='ocrx_word' id='word_1_83' title='bbox 1047 1075 1117 1123; x_wconf 82' lang='lat' dir='ltr'>eoo</span> 
     </span>
     <span class='ocr_line' id='line_1_12' title="bbox 115 1144 660 1205; baseline -0.015 0"><span class='ocrx_word' id='word_1_84' title='bbox 115 1153 184 1205; x_wconf 86' lang='lat' dir='ltr'>stat.</span> <span class='ocrx_word' id='word_1_85' title='bbox 193 1145 269 1204; x_wconf 84' lang='lat' dir='ltr'>ibid</span> <span class='ocrx_word' id='word_1_86' title='bbox 286 1162 318 1203; x_wconf 89' lang='lat' dir='ltr'>n.</span> <span class='ocrx_word' id='word_1_87' title='bbox 342 1144 392 1203; x_wconf 76' lang='lat' dir='ltr'>st</span> <span class='ocrx_word' id='word_1_88' title='bbox 658 1184 660 1187; x_wconf 85' lang='lat'>.</span> 
     </span>
    </p>

    <p class='ocr_par' dir='ltr' id='par_1_5' title="bbox 109 1182 1120 2149">
     <span class='ocr_line' id='line_1_13' title="bbox 153 1182 1118 1312; baseline 0.002 -20"><span class='ocrx_word' id='word_1_89' title='bbox 153 1231 291 1309; x_wconf 75' lang='lat' dir='ltr'>Religiosi</span> <span class='ocrx_word' id='word_1_90' title='bbox 310 1238 408 1288; x_wconf 88' lang='lat' dir='ltr'>tomen</span> <span class='ocrx_word' id='word_1_91' title='bbox 429 1226 574 1287; x_wconf 83' lang='lat' dir='ltr'>societatis</span> <span class='ocrx_word' id='word_1_92' title='bbox 589 1228 657 1287; x_wconf 85' lang='lat' dir='ltr'>lesu</span> <span class='ocrx_word' id='word_1_93' title='bbox 673 1235 740 1306; x_wconf 87' lang='lat' dir='ltr'>post</span> <span class='ocrx_word' id='word_1_94' title='bbox 761 1183 819 1290; x_wconf 86' lang='lat' dir='ltr'>trie</span> <span class='ocrx_word' id='word_1_95' title='bbox 841 1239 908 1290; x_wconf 83' lang='lat' dir='ltr'>vota</span> <span class='ocrx_word' id='word_1_96' title='bbox 924 1231 1067 1312; x_wconf 78' lang='lat' dir='ltr'>simplicia</span> <span class='ocrx_word' id='word_1_97' title='bbox 1081 1182 1118 1294; x_wconf 80' lang='lat' dir='ltr'>ab</span> 
     </span>
     <span class='ocr_line' id='line_1_14' title="bbox 115 1311 1119 1411; baseline -0.001 -34"><span class='ocrx_word' id='word_1_98' title='bbox 115 1316 173 1377; x_wconf 91' lang='lat' dir='ltr'>illis</span> <span class='ocrx_word' id='word_1_99' title='bbox 199 1316 321 1380; x_wconf 81' lang='lat' dir='ltr'>emissa,</span> <span class='ocrx_word' id='word_1_100' title='bbox 340 1321 440 1371; x_wconf 81' lang='lat' dir='ltr'>eraeto</span> <span class='ocrx_word' id='word_1_101' title='bbox 456 1311 636 1411; x_wconf 82' lang='lat' dir='ltr'>probotionis</span> <span class='ocrx_word' id='word_1_102' title='bbox 654 1321 809 1389; x_wconf 86' lang='lat' dir='ltr'>tempore,</span> <span class='ocrx_word' id='word_1_103' title='bbox 835 1312 874 1373; x_wconf 86' lang='lat' dir='ltr'>nb</span> <span class='ocrx_word' id='word_1_104' title='bbox 889 1313 994 1375; x_wconf 85' lang='lat' dir='ltr'>ordine</span> <span class='ocrx_word' id='word_1_105' title='bbox 1008 1316 1119 1377; x_wconf 82' lang='lat' dir='ltr'>dimissi</span> 
     </span>
     <span class='ocr_line' id='line_1_15' title="bbox 115 1394 1117 1476; baseline -0.002 -15"><span class='ocrx_word' id='word_1_106' title='bbox 115 1418 174 1462; x_wconf 88' lang='lat' dir='ltr'>non</span> <span class='ocrx_word' id='word_1_107' title='bbox 196 1395 519 1476; x_wconf 79' lang='lat' dir='ltr'>comprehenduntur</span> <span class='ocrx_word' id='word_1_108' title='bbox 510 1410 543 1455; x_wconf 84' lang='lat' dir='ltr'>ro</span> <span class='ocrx_word' id='word_1_109' title='bbox 557 1394 683 1455; x_wconf 81' lang='lat' dir='ltr'>decretis</span> <span class='ocrx_word' id='word_1_110' title='bbox 705 1396 744 1455; x_wconf 86' lang='lat' dir='ltr'>de</span> <span class='ocrx_word' id='word_1_111' title='bbox 764 1398 926 1475; x_wconf 71' lang='lat' dir='ltr'>apostatis.</span> <span class='ocrx_word' id='word_1_112' title='bbox 944 1406 974 1458; x_wconf 84' lang='lat' dir='ltr'>et</span> <span class='ocrx_word' id='word_1_113' title='bbox 994 1397 1117 1476; x_wconf 76' lang='lat' dir='ltr'>eiectis,</span> 
     </span>
     <span class='ocr_line' id='line_1_16' title="bbox 114 1480 1120 1560; baseline 0 -16"><span class='ocrx_word' id='word_1_114' title='bbox 114 1492 149 1544; x_wconf 93' lang='lat' dir='ltr'>ut</span> <span class='ocrx_word' id='word_1_115' title='bbox 163 1501 200 1544; x_wconf 81' lang='lat' dir='ltr'>ex</span> <span class='ocrx_word' id='word_1_116' title='bbox 219 1498 362 1560; x_wconf 88' lang='lat' dir='ltr'>responso</span> <span class='ocrx_word' id='word_1_117' title='bbox 382 1480 413 1538; x_wconf 87' lang='lat' dir='ltr'>S.</span> <span class='ocrx_word' id='word_1_118' title='bbox 430 1480 605 1558; x_wconf 75' lang='lat' dir='ltr'>congregat.</span> <span class='ocrx_word' id='word_1_119' title='bbox 624 1480 763 1540; x_wconf 78' lang='lat' dir='ltr'>Consilii.¹</span> <span class='ocrx_word' id='word_1_120' title='bbox 783 1480 859 1542; x_wconf 88' lang='lat' dir='ltr'>ibid.</span> <span class='ocrx_word' id='word_1_121' title='bbox 884 1498 917 1541; x_wconf 90' lang='lat' dir='ltr'>n.</span> <span class='ocrx_word' id='word_1_122' title='bbox 941 1484 991 1544; x_wconf 71' lang='lat' dir='ltr'>rt.</span> <span class='ocrx_word' id='word_1_123' title='bbox 1008 1485 1120 1544; x_wconf 76' lang='lat' dir='ltr'>Votum</span> 
     </span>
     <span class='ocr_line' id='line_1_17' title="bbox 115 1562 1120 1642; baseline 0 -13"><span class='ocrx_word' id='word_1_124' title='bbox 115 1567 251 1629; x_wconf 83' lang='lat' dir='ltr'>eastitatis</span> <span class='ocrx_word' id='word_1_125' title='bbox 268 1566 380 1624; x_wconf 90' lang='lat' dir='ltr'>abillis</span> <span class='ocrx_word' id='word_1_126' title='bbox 398 1564 559 1635; x_wconf 87' lang='lat' dir='ltr'>emissum,</span> <span class='ocrx_word' id='word_1_127' title='bbox 577 1564 650 1624; x_wconf 91' lang='lat' dir='ltr'>dum</span> <span class='ocrx_word' id='word_1_128' title='bbox 667 1566 886 1642; x_wconf 83' lang='lat' dir='ltr'>permanentia</span> <span class='ocrx_word' id='word_1_129' title='bbox 906 1562 1031 1640; x_wconf 81' lang='lat' dir='ltr'>ordine,</span> <span class='ocrx_word' id='word_1_130' title='bbox 1045 1568 1120 1630; x_wconf 90' lang='lat' dir='ltr'>diri-</span> 
     </span>
     <span class='ocr_line' id='line_1_18' title="bbox 115 1648 1119 1729; baseline 0.002 -16"><span class='ocrx_word' id='word_1_131' title='bbox 115 1653 171 1713; x_wconf 86' lang='lat' dir='ltr'>mit</span> <span class='ocrx_word' id='word_1_132' title='bbox 187 1651 422 1713; x_wconf 76' lang='lat' dir='ltr'>matrimonium.</span> <span class='ocrx_word' id='word_1_133' title='bbox 434 1648 484 1707; x_wconf 91' lang='lat' dir='ltr'>isti</span> <span class='ocrx_word' id='word_1_134' title='bbox 498 1658 537 1707; x_wconf 88' lang='lat' dir='ltr'>ne</span> <span class='ocrx_word' id='word_1_135' title='bbox 560 1648 709 1709; x_wconf 83' lang='lat' dir='ltr'>celebrare</span> <span class='ocrx_word' id='word_1_136' title='bbox 722 1651 834 1729; x_wconf 83' lang='lat' dir='ltr'>possint</span> <span class='ocrx_word' id='word_1_137' title='bbox 852 1659 992 1711; x_wconf 83' lang='lat' dir='ltr'>vetantur</span> <span class='ocrx_word' id='word_1_138' title='bbox 1007 1654 1119 1715; x_wconf 84' lang='lat' dir='ltr'>solum·</span> 
     </span>
     <span class='ocr_line' id='line_1_19' title="bbox 109 1733 1116 1814; baseline -0.002 -17"><span class='ocrx_word' id='word_1_139' title='bbox 109 1734 220 1806; x_wconf 78' lang='lat' dir='ltr'>modi,</span> <span class='ocrx_word' id='word_1_140' title='bbox 242 1735 311 1814; x_wconf 90' lang='lat' dir='ltr'>quia</span> <span class='ocrx_word' id='word_1_141' title='bbox 332 1741 434 1795; x_wconf 80' lang='lat' dir='ltr'>errent</span> <span class='ocrx_word' id='word_1_142' title='bbox 457 1733 653 1812; x_wconf 83' lang='lat' dir='ltr'>patrimonio,</span> <span class='ocrx_word' id='word_1_143' title='bbox 673 1734 721 1794; x_wconf 87' lang='lat' dir='ltr'>vel</span> <span class='ocrx_word' id='word_1_144' title='bbox 740 1733 893 1795; x_wconf 86' lang='lat' dir='ltr'>beneficio.</span> <span class='ocrx_word' id='word_1_145' title='bbox 911 1735 988 1795; x_wconf 87' lang='lat' dir='ltr'>ibid.</span> <span class='ocrx_word' id='word_1_146' title='bbox 1010 1754 1042 1796; x_wconf 87' lang='lat' dir='ltr'>n.</span> <span class='ocrx_word' id='word_1_147' title='bbox 1065 1738 1116 1798; x_wconf 70' lang='grc'><strong>27.</strong></span> 
     </span>
     <span class='ocr_line' id='line_1_20' title="bbox 114 1816 1117 1888; baseline 0.003 -9"><span class='ocrx_word' id='word_1_148' title='bbox 114 1819 190 1880; x_wconf 83' lang='lat' dir='ltr'>Sunt</span> <span class='ocrx_word' id='word_1_149' title='bbox 207 1827 305 1879; x_wconf 79' lang='lat' dir='ltr'>moron</span> <span class='ocrx_word' id='word_1_150' title='bbox 318 1817 430 1878; x_wconf 81' lang='lat' dir='ltr'>flabiles</span> <span class='ocrx_word' id='word_1_151' title='bbox 448 1816 486 1876; x_wconf 84' lang='lat' dir='ltr'>ad</span> <span class='ocrx_word' id='word_1_152' title='bbox 506 1816 668 1888; x_wconf 77' lang='lat' dir='ltr'>tenebam,</span> <span class='ocrx_word' id='word_1_153' title='bbox 692 1826 723 1876; x_wconf 90' lang='lat' dir='ltr'>et</span> <span class='ocrx_word' id='word_1_154' title='bbox 741 1817 904 1878; x_wconf 86' lang='lat' dir='ltr'>ministeria</span> <span class='ocrx_word' id='word_1_155' title='bbox 929 1820 1117 1882; x_wconf 74' lang='lat' dir='ltr'>ecclesiastiea</span> 
     </span>
     <span class='ocr_line' id='line_1_21' title="bbox 112 1899 1119 1968; baseline 0.004 -4"><span class='ocrx_word' id='word_1_156' title='bbox 112 1902 283 1964; x_wconf 87' lang='lat' dir='ltr'>obtinenda.</span> <span class='ocrx_word' id='word_1_157' title='bbox 297 1903 372 1963; x_wconf 90' lang='lat' dir='ltr'>ibid.</span> <span class='ocrx_word' id='word_1_158' title='bbox 383 1918 468 1962; x_wconf 90' lang='lat' dir='ltr'>num.</span> <span class='ocrx_word' id='word_1_159' title='bbox 482 1902 533 1961; x_wconf 73' lang='lat'>26.</span> <span class='ocrx_word' id='word_1_160' title='bbox 548 1901 767 1960; x_wconf 79' lang='lat' dir='ltr'>Valentiameo</span> <span class='ocrx_word' id='word_1_161' title='bbox 778 1899 840 1961; x_wconf 70' lang='lat' dir='ltr'>bue</span> <span class='ocrx_word' id='word_1_162' title='bbox 855 1903 954 1962; x_wconf 86' lang='lat' dir='ltr'>omnia</span> <span class='ocrx_word' id='word_1_163' title='bbox 971 1904 1004 1964; x_wconf 78' lang='lat' dir='ltr'>ia</span> <span class='ocrx_word' id='word_1_164' title='bbox 1015 1905 1119 1968; x_wconf 82' lang='lat' dir='ltr'>dimis-</span> 
     </span>
     <span class='ocr_line' id='line_1_22' title="bbox 113 1983 1117 2065; baseline 0.006 -20"><span class='ocrx_word' id='word_1_165' title='bbox 113 1987 153 2046; x_wconf 88' lang='lat' dir='ltr'>sis</span> <span class='ocrx_word' id='word_1_166' title='bbox 174 1997 241 2047; x_wconf 89' lang='lat' dir='ltr'>ante</span> <span class='ocrx_word' id='word_1_167' title='bbox 255 1984 470 2065; x_wconf 84' lang='lat' dir='ltr'>&#39;professionem</span> <span class='ocrx_word' id='word_1_168' title='bbox 495 1985 668 2045; x_wconf 85' lang='lat' dir='ltr'>solemnem.</span> <span class='ocrx_word' id='word_1_169' title='bbox 692 1984 762 2044; x_wconf 84' lang='lat' dir='ltr'>Post</span> <span class='ocrx_word' id='word_1_170' title='bbox 782 1984 865 2044; x_wconf 89' lang='lat' dir='ltr'>iilam</span> <span class='ocrx_word' id='word_1_171' title='bbox 887 1983 958 2048; x_wconf 79' lang='lat' dir='ltr'>verb</span> <span class='ocrx_word' id='word_1_172' title='bbox 982 1990 1117 2050; x_wconf 58' lang='lat' dir='ltr'>emmam</span> 
     </span>
     <span class='ocr_line' id='line_1_23' title="bbox 114 2066 945 2149; baseline -0.004 -17"><span class='ocrx_word' id='word_1_173' title='bbox 114 2080 314 2132; x_wconf 78' lang='lat' dir='ltr'>consentanee</span> <span class='ocrx_word' id='word_1_174' title='bbox 329 2070 495 2149; x_wconf 74' lang='lat' dir='ltr'>regulares,</span> <span class='ocrx_word' id='word_1_175' title='bbox 514 2068 546 2127; x_wconf 90' lang='lat' dir='ltr'>in</span> <span class='ocrx_word' id='word_1_176' title='bbox 563 2067 669 2128; x_wconf 85' lang='lat' dir='ltr'>ordine</span> <span class='ocrx_word' id='word_1_177' title='bbox 683 2067 722 2126; x_wconf 90' lang='lat' dir='ltr'>ad</span> <span class='ocrx_word' id='word_1_178' title='bbox 735 2066 852 2144; x_wconf 78' lang='lat' dir='ltr'>ejectos.</span> <span class='ocrx_word' id='word_1_179' title='bbox 867 2068 945 2129; x_wconf 88' lang='lat' dir='ltr'>ibid.</span> 
     </span>
    </p>

    <p class='ocr_par' dir='ltr' id='par_1_6' title="bbox 114 2151 1117 2468">
     <span class='ocr_line' id='line_1_24' title="bbox 152 2151 1117 2232; baseline 0.007 -19"><span class='ocrx_word' id='word_1_180' title='bbox 152 2155 229 2214; x_wconf 86' lang='lat' dir='ltr'>Vota</span> <span class='ocrx_word' id='word_1_181' title='bbox 239 2156 389 2228; x_wconf 81' lang='lat' dir='ltr'>eastitatis,</span> <span class='ocrx_word' id='word_1_182' title='bbox 400 2163 457 2214; x_wconf 86' lang='lat' dir='ltr'>ete</span> <span class='ocrx_word' id='word_1_183' title='bbox 473 2151 643 2232; x_wconf 75' lang='lat' dir='ltr'>irreligiosis</span> <span class='ocrx_word' id='word_1_184' title='bbox 655 2153 738 2213; x_wconf 77' lang='lat' dir='ltr'>laicis</span> <span class='ocrx_word' id='word_1_185' title='bbox 754 2154 991 2216; x_wconf 85' lang='lat' dir='ltr'>Cisteroiensibus</span> <span class='ocrx_word' id='word_1_186' title='bbox 1001 2157 1117 2227; x_wconf 78' lang='lat' dir='ltr'>emissa</span> 
     </span>
     <span class='ocr_line' id='line_1_25' title="bbox 114 2237 1119 2315; baseline 0 -14"><span class='ocrx_word' id='word_1_187' title='bbox 114 2239 441 2312; x_wconf 60' lang='lat' dir='ltr'>summasunmna</span> <span class='ocrx_word' id='word_1_188' title='bbox 463 2237 625 2315; x_wconf 83' lang='lat' dir='ltr'>simplicia,</span> <span class='ocrx_word' id='word_1_189' title='bbox 646 2247 680 2298; x_wconf 87' lang='lat' dir='ltr'>ut</span> <span class='ocrx_word' id='word_1_190' title='bbox 693 2253 730 2297; x_wconf 83' lang='lat' dir='ltr'>ex</span> <span class='ocrx_word' id='word_1_191' title='bbox 752 2238 1119 2315; x_wconf 84' lang='lat' dir='ltr'>peculiarideoretopeeu·</span> 
     </span>
     <span class='ocr_line' id='line_1_26' title="bbox 114 2319 1117 2402; baseline 0 -19"><span class='ocrx_word' id='word_1_192' title='bbox 114 2280 667 2402; x_wconf 73' lang='lat' dir='ltr'>tiartscongrega&#39;tiontslmbiraoarnm</span> <span class='ocrx_word' id='word_1_193' title='bbox 680 2319 792 2400; x_wconf 76' lang='lat' dir='ltr'>Bmed.</span> <span class='ocrx_word' id='word_1_194' title='bbox 804 2320 896 2384; x_wconf 78' lang='lat' dir='ltr'>XIV.</span> <span class='ocrx_word' id='word_1_195' title='bbox 911 2321 1004 2383; x_wconf 79' lang='lat' dir='ltr'>dfert</span> <span class='ocrx_word' id='word_1_196' title='bbox 1018 2326 1117 2385; x_wconf 79' lang='lat' dir='ltr'>martii</span> 
     </span>
     <span class='ocr_line' id='line_1_27' title="bbox 115 2401 623 2468; baseline -0.006 -1"><span class='ocrx_word' id='word_1_197' title='bbox 115 2408 203 2468; x_wconf 77' lang='lat' dir='ltr'>titt.</span> <span class='ocrx_word' id='word_1_198' title='bbox 219 2407 278 2467; x_wconf 90' lang='lat' dir='ltr'>loto</span> <span class='ocrx_word' id='word_1_199' title='bbox 293 2415 416 2467; x_wconf 75' lang='lat' dir='ltr'>constat.</span> <span class='ocrx_word' id='word_1_200' title='bbox 431 2405 508 2465; x_wconf 86' lang='lat' dir='ltr'>ibid.</span> <span class='ocrx_word' id='word_1_201' title='bbox 523 2420 555 2465; x_wconf 92' lang='lat' dir='ltr'>n.</span> <span class='ocrx_word' id='word_1_202' title='bbox 572 2401 623 2465; x_wconf 69' lang='grc'><strong>78.</strong></span> 
     </span>
    </p>

    <p class='ocr_par' dir='ltr' id='par_1_7' title="bbox 113 2485 1118 2985">
     <span class='ocr_line' id='line_1_28' title="bbox 117 2485 1118 2568; baseline 0.004 -18.145"><span class='ocrx_word' id='word_1_203' title='bbox 117 2490 183 2550; x_wconf 83' lang='lat' dir='ltr'>Si</span> <span class='ocrx_word' id='word_1_204' title='bbox 205 2491 323 2568; x_wconf 74' lang='lat' dir='ltr'>religios</span> <span class='ocrx_word' id='word_1_205' title='bbox 325 2507 359 2549; x_wconf 89' lang='lat' dir='ltr'>us</span> <span class='ocrx_word' id='word_1_206' title='bbox 376 2489 416 2549; x_wconf 91' lang='lat' dir='ltr'>ob</span> <span class='ocrx_word' id='word_1_207' title='bbox 434 2491 547 2549; x_wconf 87' lang='lat' dir='ltr'>orimen</span> <span class='ocrx_word' id='word_1_208' title='bbox 562 2487 685 2564; x_wconf 82' lang='lat' dir='ltr'>aliquod</span> <span class='ocrx_word' id='word_1_209' title='bbox 700 2487 858 2548; x_wconf 80' lang='lat' dir='ltr'>damnatas</span> <span class='ocrx_word' id='word_1_210' title='bbox 875 2487 915 2547; x_wconf 82' lang='lat' dir='ltr'>sit</span> <span class='ocrx_word' id='word_1_211' title='bbox 930 2485 969 2549; x_wconf 73' lang='lat' dir='ltr'>ad</span> <span class='ocrx_word' id='word_1_212' title='bbox 982 2487 1118 2554; x_wconf 81' lang='lat' dir='ltr'>triremes</span> 
     </span>
     <span class='ocr_line' id='line_1_29' title="bbox 114 2570 1117 2652; baseline 0.001 -18"><span class='ocrx_word' id='word_1_213' title='bbox 114 2572 150 2634; x_wconf 85' lang='lat' dir='ltr'>ad</span> <span class='ocrx_word' id='word_1_214' title='bbox 162 2582 275 2633; x_wconf 89' lang='lat' dir='ltr'>eertum</span> <span class='ocrx_word' id='word_1_215' title='bbox 295 2583 429 2652; x_wconf 89' lang='lat' dir='ltr'>tempus,</span> <span class='ocrx_word' id='word_1_216' title='bbox 453 2571 526 2633; x_wconf 78' lang='lat' dir='ltr'>niam</span> <span class='ocrx_word' id='word_1_217' title='bbox 542 2572 580 2632; x_wconf 87' lang='lat' dir='ltr'>ab</span> <span class='ocrx_word' id='word_1_218' title='bbox 601 2574 635 2632; x_wconf 84' lang='lat' dir='ltr'>ed</span> <span class='ocrx_word' id='word_1_219' title='bbox 654 2570 807 2631; x_wconf 86' lang='lat' dir='ltr'>absolutus</span> <span class='ocrx_word' id='word_1_220' title='bbox 824 2571 912 2649; x_wconf 69' lang='lat' dir='ltr'>perui</span> <span class='ocrx_word' id='word_1_221' title='bbox 933 2571 1117 2650; x_wconf 83' lang='lat' dir='ltr'>reeipiendus</span> 
     </span>
     <span class='ocr_line' id='line_1_30' title="bbox 114 2652 1115 2736; baseline 0.002 -19"><span class='ocrx_word' id='word_1_222' title='bbox 114 2655 223 2719; x_wconf 78' lang='lat' dir='ltr'>iterim</span> <span class='ocrx_word' id='word_1_223' title='bbox 236 2657 274 2716; x_wconf 89' lang='lat' dir='ltr'>sit</span> <span class='ocrx_word' id='word_1_224' title='bbox 291 2656 308 2716; x_wconf 82' lang='lat' dir='ltr'>d</span> <span class='ocrx_word' id='word_1_225' title='bbox 321 2657 462 2734; x_wconf 79' lang='lat' dir='ltr'>religione</span> <span class='ocrx_word' id='word_1_226' title='bbox 475 2699 483 2728; x_wconf 90' lang='lat'>‚</span> <span class='ocrx_word' id='word_1_227' title='bbox 497 2654 631 2729; x_wconf 77' lang='lat' dir='ltr'>nondim</span> <span class='ocrx_word' id='word_1_228' title='bbox 644 2655 801 2714; x_wconf 82' lang='lat' dir='ltr'>delinitum</span> <span class='ocrx_word' id='word_1_229' title='bbox 813 2665 857 2714; x_wconf 88' lang='lat' dir='ltr'>est</span> <span class='ocrx_word' id='word_1_230' title='bbox 869 2652 887 2713; x_wconf 86' lang='lat' dir='ltr'>ir</span> <span class='ocrx_word' id='word_1_231' title='bbox 898 2655 930 2714; x_wconf 85' lang='lat' dir='ltr'>S.</span> <span class='ocrx_word' id='word_1_232' title='bbox 941 2657 1115 2736; x_wconf 51' lang='lat' dir='ltr'>Confirmat.</span> 
     </span>
     <span class='ocr_line' id='line_1_31' title="bbox 114 2736 1117 2819; baseline 0.003 -19"><span class='ocrx_word' id='word_1_233' title='bbox 114 2740 248 2819; x_wconf 79' lang='lat' dir='ltr'>quamvis</span> <span class='ocrx_word' id='word_1_234' title='bbox 260 2740 315 2800; x_wconf 88' lang='lat' dir='ltr'>fnit</span> <span class='ocrx_word' id='word_1_235' title='bbox 329 2741 473 2800; x_wconf 81' lang='lat' dir='ltr'>consulta.</span> <span class='ocrx_word' id='word_1_236' title='bbox 486 2740 552 2798; x_wconf 87' lang='lat' dir='ltr'>llaee</span> <span class='ocrx_word' id='word_1_237' title='bbox 566 2749 664 2799; x_wconf 90' lang='lat' dir='ltr'>tomen</span> <span class='ocrx_word' id='word_1_238' title='bbox 685 2739 745 2798; x_wconf 88' lang='lat' dir='ltr'>sola</span> <span class='ocrx_word' id='word_1_239' title='bbox 758 2739 903 2798; x_wconf 87' lang='lat' dir='ltr'>sententio</span> <span class='ocrx_word' id='word_1_240' title='bbox 921 2736 1117 2803; x_wconf 80' lang='lat' dir='ltr'>damnationis</span> 
     </span>
     <span class='ocr_line' id='line_1_32' title="bbox 113 2821 1118 2900; baseline 0 -17"><span class='ocrx_word' id='word_1_241' title='bbox 113 2823 148 2883; x_wconf 90' lang='lat' dir='ltr'>ad</span> <span class='ocrx_word' id='word_1_242' title='bbox 170 2825 322 2896; x_wconf 86' lang='lat' dir='ltr'>triremes,</span> <span class='ocrx_word' id='word_1_243' title='bbox 337 2824 426 2884; x_wconf 88' lang='lat' dir='ltr'>etiam</span> <span class='ocrx_word' id='word_1_244' title='bbox 444 2823 469 2883; x_wconf 90' lang='lat' dir='ltr'>si</span> <span class='ocrx_word' id='word_1_245' title='bbox 487 2822 621 2883; x_wconf 81' lang='lat' dir='ltr'>nondum</span> <span class='ocrx_word' id='word_1_246' title='bbox 642 2823 874 2898; x_wconf 67' lang='lat' dir='ltr'>remigaverunt,</span> <span class='ocrx_word' id='word_1_247' title='bbox 894 2821 1037 2900; x_wconf 66' lang='lat' dir='ltr'>perpetus</span> <span class='ocrx_word' id='word_1_248' title='bbox 1050 2824 1118 2886; x_wconf 90' lang='lat' dir='ltr'>illos</span> 
     </span>
     <span class='ocr_line' id='line_1_33' title="bbox 114 2903 952 2985; baseline -0.002 -19"><span class='ocrx_word' id='word_1_249' title='bbox 114 2906 236 2966; x_wconf 77' lang='lat' dir='ltr'>infames</span> <span class='ocrx_word' id='word_1_250' title='bbox 251 2906 399 2973; x_wconf 77' lang='lat' dir='ltr'>desierat,</span> <span class='ocrx_word' id='word_1_251' title='bbox 412 2903 544 2984; x_wconf 84' lang='lat' dir='ltr'>adebqoe</span> <span class='ocrx_word' id='word_1_252' title='bbox 557 2906 745 2985; x_wconf 74' lang='lat' dir='ltr'>irregulares.</span> <span class='ocrx_word' id='word_1_253' title='bbox 755 2905 833 2965; x_wconf 89' lang='lat' dir='ltr'>ibid.</span> <span class='ocrx_word' id='word_1_254' title='bbox 852 2924 884 2966; x_wconf 90' lang='grc' dir='ltr'>ιι.</span> <span class='ocrx_word' id='word_1_255' title='bbox 902 2905 952 2968; x_wconf 79' lang='grc'><strong>50.</strong></span> 
     </span>
    </p>

    <p class='ocr_par' dir='ltr' id='par_1_8' title="bbox 112 2988 1116 3407">
     <span class='ocr_line' id='line_1_34' title="bbox 152 2988 1116 3071; baseline 0.003 -19"><span class='ocrx_word' id='word_1_256' title='bbox 152 2992 310 3071; x_wconf 75' lang='lat' dir='ltr'>Regulores</span> <span class='ocrx_word' id='word_1_257' title='bbox 322 2991 501 3069; x_wconf 85' lang='lat' dir='ltr'>quioumqoe</span> <span class='ocrx_word' id='word_1_258' title='bbox 513 2992 601 3051; x_wconf 88' lang='lat' dir='ltr'>etiam</span> <span class='ocrx_word' id='word_1_259' title='bbox 620 2988 749 3068; x_wconf 82' lang='lat' dir='ltr'>exempti</span> <span class='ocrx_word' id='word_1_260' title='bbox 765 2991 797 3051; x_wconf 91' lang='lat' dir='ltr'>in</span> <span class='ocrx_word' id='word_1_261' title='bbox 811 2989 905 3051; x_wconf 85' lang='lat' dir='ltr'>lodiis</span> <span class='ocrx_word' id='word_1_262' title='bbox 926 2989 1116 3055; x_wconf 78' lang='lat' dir='ltr'>orientalibus</span> 
     </span>
     <span class='ocr_line' id='line_1_35' title="bbox 113 3074 1115 3154; baseline 0.004 -20"><span class='ocrx_word' id='word_1_263' title='bbox 113 3082 250 3154; x_wconf 71' lang='lat' dir='ltr'>agentes,</span> <span class='ocrx_word' id='word_1_264' title='bbox 271 3092 372 3134; x_wconf 87' lang='lat' dir='ltr'>curam</span> <span class='ocrx_word' id='word_1_265' title='bbox 385 3076 552 3134; x_wconf 88' lang='lat' dir='ltr'>animorum</span> <span class='ocrx_word' id='word_1_266' title='bbox 564 3082 755 3146; x_wconf 66' lang='lat' dir='ltr'>mareotes,</span> <span class='ocrx_word' id='word_1_267' title='bbox 776 3074 903 3137; x_wconf 87' lang='lat' dir='ltr'>subsunt</span> <span class='ocrx_word' id='word_1_268' title='bbox 918 3075 1030 3152; x_wconf 80' lang='lat' dir='ltr'>praevio</span> <span class='ocrx_word' id='word_1_269' title='bbox 1048 3091 1115 3139; x_wconf 76' lang='lat' dir='ltr'>exr-</span> 
     </span>
     <span class='ocr_line' id='line_1_36' title="bbox 113 3157 1114 3237; baseline 0.002 -18"><span class='ocrx_word' id='word_1_270' title='bbox 113 3159 188 3219; x_wconf 85' lang='lat' dir='ltr'>mini</span> <span class='ocrx_word' id='word_1_271' title='bbox 202 3157 452 3222; x_wconf 85' lang='lat' dir='ltr'>Ordinoriorum.</span> <span class='ocrx_word' id='word_1_272' title='bbox 474 3167 507 3217; x_wconf 88' lang='lat' dir='ltr'>et</span> <span class='ocrx_word' id='word_1_273' title='bbox 524 3157 751 3237; x_wconf 83' lang='lat' dir='ltr'>approbationi,</span> <span class='ocrx_word' id='word_1_274' title='bbox 770 3174 827 3218; x_wconf 84' lang='lat' dir='ltr'>nee</span> <span class='ocrx_word' id='word_1_275' title='bbox 852 3175 917 3219; x_wconf 78' lang='lat' dir='ltr'>tion</span> <span class='ocrx_word' id='word_1_276' title='bbox 933 3157 1114 3229; x_wconf 72' lang='lat' dir='ltr'>visitationi,</span> 
     </span>
     <span class='ocr_line' id='line_1_37' title="bbox 113 3239 1115 3322; baseline 0.002 -20"><span class='ocrx_word' id='word_1_277' title='bbox 113 3242 291 3320; x_wconf 80' lang='lat' dir='ltr'>correptioni</span> <span class='ocrx_word' id='word_1_278' title='bbox 302 3250 332 3301; x_wconf 92' lang='lat' dir='ltr'>et</span> <span class='ocrx_word' id='word_1_279' title='bbox 343 3239 542 3318; x_wconf 77' lang='lat' dir='ltr'>jurisdictioni</span> <span class='ocrx_word' id='word_1_280' title='bbox 563 3258 669 3303; x_wconf 80' lang='lat' dir='ltr'>eorum</span> <span class='ocrx_word' id='word_1_281' title='bbox 682 3240 713 3300; x_wconf 90' lang='lat' dir='ltr'>in</span> <span class='ocrx_word' id='word_1_282' title='bbox 729 3241 787 3312; x_wconf 85' lang='lat' dir='ltr'>iis,</span> <span class='ocrx_word' id='word_1_283' title='bbox 804 3259 871 3319; x_wconf 75' lang='lat' dir='ltr'>qum</span> <span class='ocrx_word' id='word_1_284' title='bbox 891 3240 928 3302; x_wconf 90' lang='lat' dir='ltr'>ad</span> <span class='ocrx_word' id='word_1_285' title='bbox 946 3240 1115 3322; x_wconf 68' lang='lat' dir='ltr'>proditum</span> 
     </span>
     <span class='ocr_line' id='line_1_38' title="bbox 112 3322 1067 3407; baseline 0.006 -25"><span class='ocrx_word' id='word_1_286' title='bbox 112 3340 214 3385; x_wconf 80' lang='grc' dir='ltr'><strong>ιιιιιιιι</strong></span> <span class='ocrx_word' id='word_1_287' title='bbox 231 3325 393 3404; x_wconf 85' lang='lat' dir='ltr'>pertinent.</span> <span class='ocrx_word' id='word_1_288' title='bbox 406 3327 508 3386; x_wconf 76' lang='lat' dir='ltr'>toust.</span> <span class='ocrx_word' id='word_1_289' title='bbox 523 3323 666 3402; x_wconf 68' lang='grc' dir='ltr'><strong>ριαιιιιιιζι</strong></span> <span class='ocrx_word' id='word_1_290' title='bbox 677 3322 720 3385; x_wconf 76' lang='lat' dir='ltr'>nt</span> <span class='ocrx_word' id='word_1_291' title='bbox 740 3323 992 3407; x_wconf 50' lang='lat' dir='ltr'>confirmandus,</span> <span class='ocrx_word' id='word_1_292' title='bbox 1010 3334 1067 3388; x_wconf 83' lang='lat' dir='ltr'>ote.</span> 
     </span>
    </p>

    <p class='ocr_par' dir='ltr' id='par_1_9' title="bbox 114 3405 1158 3656">
     <span class='ocr_line' id='line_1_39' title="bbox 150 3405 1116 3489; baseline 0.003 -19"><span class='ocrx_word' id='word_1_293' title='bbox 150 3405 310 3488; x_wconf 65' lang='lat' dir='ltr'>deputares</span> <span class='ocrx_word' id='word_1_294' title='bbox 323 3426 420 3470; x_wconf 82' lang='lat' dir='ltr'>saeros</span> <span class='ocrx_word' id='word_1_295' title='bbox 433 3410 552 3472; x_wconf 83' lang='lat' dir='ltr'>ordines</span> <span class='ocrx_word' id='word_1_296' title='bbox 560 3409 724 3489; x_wconf 80' lang='lat' dir='ltr'>suscepturi</span> <span class='ocrx_word' id='word_1_297' title='bbox 739 3428 800 3471; x_wconf 90' lang='lat' dir='ltr'>ooo</span> <span class='ocrx_word' id='word_1_298' title='bbox 813 3419 952 3471; x_wconf 84' lang='lat' dir='ltr'>tenentur</span> <span class='ocrx_word' id='word_1_299' title='bbox 963 3410 1116 3473; x_wconf 80' lang='lat' dir='ltr'>ostendere</span> 
     </span>
     <span class='ocr_line' id='line_1_40' title="bbox 114 3490 1158 3572; baseline 0.007 -20"><span class='ocrx_word' id='word_1_300' title='bbox 114 3490 299 3554; x_wconf 83' lang='lat' dir='ltr'>dimissorias</span> <span class='ocrx_word' id='word_1_301' title='bbox 311 3490 537 3553; x_wconf 78' lang='lat' dir='ltr'>ordinariorum</span> <span class='ocrx_word' id='word_1_302' title='bbox 549 3495 677 3572; x_wconf 74' lang='lat' dir='ltr'>propria</span> <span class='ocrx_word' id='word_1_303' title='bbox 686 3492 889 3571; x_wconf 73' lang='lat' dir='ltr'>originis‚seel</span> <span class='ocrx_word' id='word_1_304' title='bbox 903 3492 1042 3555; x_wconf 84' lang='lat' dir='ltr'>suffieitsi</span> <span class='ocrx_word' id='word_1_305' title='bbox 1054 3494 1117 3559; x_wconf 81' lang='lat' dir='ltr'>illas</span> <span class='ocrx_word' id='word_1_306' title='bbox 1148 3528 1158 3538; x_wconf 31' lang='grc' dir='ltr'><em>κ</em></span> 
     </span>
     <span class='ocr_line' id='line_1_41' title="bbox 114 3575 1116 3656; baseline 0.004 -22"><span class='ocrx_word' id='word_1_307' title='bbox 114 3576 280 3655; x_wconf 73' lang='lat' dir='ltr'>acceperint</span> <span class='ocrx_word' id='word_1_308' title='bbox 293 3575 311 3635; x_wconf 81' lang='lat' dir='ltr'>b</span> <span class='ocrx_word' id='word_1_309' title='bbox 325 3577 476 3656; x_wconf 84' lang='lat' dir='ltr'>superiore</span> <span class='ocrx_word' id='word_1_310' title='bbox 499 3593 563 3638; x_wconf 86' lang='lat' dir='ltr'>suo.</span> <span class='ocrx_word' id='word_1_311' title='bbox 582 3576 716 3641; x_wconf 82' lang='lat' dir='ltr'>liirissim</span> <span class='ocrx_word' id='word_1_312' title='bbox 736 3594 797 3638; x_wconf 93' lang='lat' dir='ltr'>non</span> <span class='ocrx_word' id='word_1_313' title='bbox 815 3583 940 3654; x_wconf 87' lang='lat' dir='ltr'>possunt</span> <span class='ocrx_word' id='word_1_314' title='bbox 961 3577 1004 3637; x_wconf 90' lang='lat' dir='ltr'>uti</span> <span class='ocrx_word' id='word_1_315' title='bbox 1025 3578 1116 3654; x_wconf 86' lang='lat' dir='ltr'>priri-</span> 
     </span>
    </p>

    <p class='ocr_par' dir='ltr' id='par_1_10' title="bbox 153 3659 960 3720">
     <span class='ocr_line' id='line_1_42' title="bbox 153 3659 960 3720; baseline -0.002 -1"><span class='ocrx_word' id='word_1_316' title='bbox 153 3661 237 3719; x_wconf 77' lang='lat' dir='ltr'>Yoot.</span> <span class='ocrx_word' id='word_1_317' title='bbox 254 3659 310 3720; x_wconf 76' lang='lat' dir='ltr'>tt.</span> <span class='ocrx_word' id='word_1_318' title='bbox 352 3667 356 3673; x_wconf 87' lang='lat'>&#39;</span> <span class='ocrx_word' id='word_1_319' title='bbox 924 3659 960 3718; x_wconf 78' lang='grc'>57</span> 
     </span>
    </p>
   </div>
   <div class='ocr_carea' id='block_1_3' title="bbox 0 0 1326 4167">
    <p class='ocr_par' dir='ltr' id='par_1_11' title="bbox 0 0 1326 4167">
     <span class='ocr_line' id='line_1_43' title="bbox 0 0 1326 4167; baseline 0 0"><span class='ocrx_word' id='word_1_320' title='bbox 0 0 1326 4167; x_wconf 95' lang='lat' dir='ltr'> </span> 
     </span>
    </p>
   </div>
  </div>
 </body>
</html>
