2642 4167
195 207 234 268 aa
486 182 793 292 ermamenarii.
811 212 886 295 cap.
900 213 932 275 r.

195 315 309 378 tentes,
337 308 497 370 sumendas
527 321 571 372 est
595 321 737 374 numerus
758 305 856 375 certus
873 358 882 386 ,
902 313 927 374 si
949 311 1053 377 baberi
1081 320 1203 394 potest3
1228 330 1231 334 ’

193 395 242 454 sin
253 403 369 465 antem,
382 395 571 472 exquiratur,
586 399 701 475 quoties
724 399 755 460 in
776 400 842 472 die,
859 399 907 459 vel
926 397 1133 472 bebdomada,
1154 401 1205 461 vei

192 479 225 538 in
246 496 346 538 mense
370 480 594 557 cogitationibus
608 485 831 543 consenserint.
854 483 910 543 Sed
935 483 959 542 si
982 500 1036 544 nee
1056 485 1144 545 etiem
1169 483 1204 544 id

193 563 338 638 explicare
351 565 482 641 possint,
498 565 741 643 interrogentur,
760 566 833 628 naim
851 569 1056 646 concupierint
1072 569 1205 646 singulas

193 646 355 711 mulieres,
377 663 443 725 qaue
460 645 514 708 sibi
530 659 746 720 occurrerunt,
767 652 815 710 vei
835 652 867 710 in
883 661 1013 711 mentem
1029 660 1175 713 venerant
1193 672 1204 729 3

192 740 243 789 aut
261 730 333 790 niam
350 731 541 791 habitualitcr
560 735 689 811 turpiter
703 734 742 794 de
761 737 858 814 aliqua
883 738 912 795 in
930 738 1106 814 particular-t
1121 738 1205 815 cagi-

192 815 282 873 tariot
297 860 305 883 ,
330 831 492 893 numquam
512 818 609 893 pravis
622 819 812 878 consensibus
825 820 988 881 resistendo
1002 864 1011 892 ,
1025 829 1106 881 etan
1123 838 1205 881 sem·

191 915 244 978 per
265 901 346 959 illam
367 902 592 978 concupierint,
615 903 663 961 vel
681 921 719 963 an
741 902 856 963 tantaim
875 904 995 982 quando
1015 905 1108 982 ipsam
1121 906 1204 984 aspi·

191 984 314 1044 ciebant.
327 987 453 1044 Demum
469 987 801 1063 interrogenturetiam,
816 987 888 1048 naim
902 988 1202 1067 mediaapposuerint

191 1068 227 1127 ad
244 1070 335 1128 malas
350 1069 538 1146 cogitationes
558 1071 763 1148 exequendos3
781 1091 849 1131 nam
859 1117 869 1147 ,
885 1082 918 1131 ut
939 1074 1067 1134 diximus
1080 1076 1110 1132 in
1122 1075 1204 1137 libro

192 1150 225 1230 (l.
240 1156 270 1212 9.
287 1171 318 1213 rt.
339 1153 422 1232 tu),
437 1162 508 1213 tune
527 1155 576 1213 illa
596 1157 712 1225 media,
732 1158 786 1215 etsi
811 1156 1030 1229 indifferentia,
1051 1156 1068 1216 d
1087 1159 1202 1219 malitia

191 1238 308 1297 interna
330 1240 544 1315 informantur,
561 1248 592 1299 et
607 1239 674 1300 ided
685 1240 855 1317 explicanda
874 1248 909 1299 ut
925 1250 1042 1318 peecata
1056 1251 1199 1314 externa,

191 1322 349 1401 sircapera
366 1326 502 1401 incoepta.

229 1411 277 1468 tu.
291 1410 419 1469 ll.Circa
437 1407 526 1466 verba
547 1407 699 1481 obscoena,
720 1408 941 1488 interrogentur
960 1411 990 1469 l.
1010 1412 1115 1471 Geram
1130 1413 1205 1490 qui·-¹

191 1494 264 1564 bus,
282 1502 312 1553 et
329 1495 444 1571 quaties
467 1493 507 1550 ita
523 1492 613 1551 locuti
632 1500 720 1565 sunt,
741 1495 856 1553 ratione
876 1493 1024 1569 scandali3
1037 1512 1075 1555 an
1097 1513 1202 1559 ceram

190 1577 282 1647 viris,
305 1587 356 1637 aut
372 1576 520 1647 foeminis,
536 1577 691 1648 uxoratis,
710 1586 762 1636 eat
779 1582 860 1638 nani
871 1578 989 1655 pueris,
1003 1578 1050 1638 vel
1067 1580 1204 1642 adultis?

188 1660 301 1722 iacilbis
318 1663 399 1723 enim
419 1660 652 1720 scandalizantur
666 1662 789 1738 puelle,
802 1671 833 1721 et
855 1662 961 1739 pueri,
980 1660 1069 1739 quim
1082 1664 1200 1736 adulti,

189 1747 354 1825 presertim
377 1745 480 1825 quiin
502 1748 558 1805 boe
581 1745 654 1804 vitio
674 1753 744 1804 sunt
765 1742 920 1803 habitanti.
935 1744 1049 1817 Ἄρηα
1064 1745 1200 1808 dixerint

189 1832 306 1891 verba?
325 1849 362 1891 an
383 1850 413 1890 v.
429 1849 458 1908 g.
480 1830 665 1889 nominarint
686 1828 822 1906 pudenda
842 1827 927 1887 sexta
947 1827 964 1887 b
983 1845 1037 1888 sao
1059 1829 1202 1891 diversi?

189 1913 246 1976 hoc
273 1916 352 1976 enim
378 1914 535 1974 difficulter
562 1922 718 1972 excusatur
742 1911 759 1971 d
785 1912 914 1971 mortali.
941 1912 968 1970 ὅ.
995 1909 1074 1972 Nalm
1103 1915 1206 1978 verba*

189 2001 367 2080 protulerint
388 2017 424 2058 ex
442 1999 507 2067 ira,
532 1998 579 2055 ecl
596 1996 689 2073 jace?
709 2015 778 2056 nam
801 2013 838 2055 ex
862 1996 905 2054 ira
926 1993 1074 2056 diffieilitis
1099 1998 1202 2061 aderit

189 2084 398 2164 complacentia
410 2091 440 2143 et
453 2082 632 2142 scandalum.
645 2084 750 2142 Caveat
762 2081 953 2141 confessarius
964 2079 1202 2144 ebabsolvendis

188 2169 357 2249 hujusmodi
376 2167 513 2227 recidivis
536 2167 567 2226 in
589 2166 744 2243 colloquiis
762 2165 919 2244 turpibus3
941 2165 1076 2241 quamvis
1094 2166 1203 2229 dicant

188 2273 218 2315 se
232 2274 264 2314 ea
284 2253 439 2332 protulisse
459 2268 494 2310 ex
505 2249 591 2327 joco,
608 2252 664 2310 nisi
685 2249 767 2328 priris
784 2249 999 2319 emendentur,
1013 2251 1059 2310 vel
1073 2250 1198 2329 signum

187 2337 452 2401 extraordinarium
471 2336 581 2395 doloris
599 2335 733 2396 afferent.
758 2339 787 2395 b.
813 2334 893 2396 Ndm
912 2333 1088 2411 jactaverint
1103 2353 1135 2396 se
1154 2336 1200 2397 de

186 2425 285 2502 aliquo
294 2425 433 2501 peccato?
448 2430 518 2480 tune
531 2420 675 2480 enimtria
685 2430 797 2498 peccata
809 2421 980 2498 frequenter
991 2431 1197 2492 concurrunt,

112 2496 114 2500 ¹
185 2508 294 2569 seilicet
313 2523 465 2584 magnum
474 2504 642 2563 scandalum
662 2505 844 2563 audientium
862 2546 870 2573 ‚
888 2502 1030 2580 jactantia
1053 2504 1092 2565 de
1113 2506 1198 2567 malo

186 2591 360 2664 commisso,
381 2596 411 2649 et
425 2589 635 2665 complacentia
658 2587 697 2647 de
714 2596 830 2664 peccato
847 2594 986 2646 narrato:
1002 2587 1128 2665 idedque
1144 2591 1199 2651 in·

186 2673 353 2752 terrogondi
372 2682 460 2740 sant,
485 2672 523 2732 de
542 2690 602 2751 quo
617 2682 735 2750 peceato
750 2673 781 2732 in
797 2672 893 2749 specie
909 2688 942 2731 se
958 2669 1097 2747 jactarint
1110 2670 1143 2753 (l.
1158 2678 1195 2735 ἓ.

185 2781 217 2823 o.
238 2760 313 2837 ib).
332 2759 555 2834 interrogentur
574 2759 686 2828 etiam,
711 2774 749 2816 an
772 2757 906 2816 delectati
919 2765 990 2815 sant
1001 2756 1104 2815 audire
1117 2758 1197 2819 alios

186 2841 339 2906 inhoneste
357 2843 527 2919 loquentes,
543 2852 575 2902 et
596 2861 633 2901 au
651 2853 725 2902 tunc
746 2842 928 2901 adverterint
942 2839 980 2900 ad
1000 2843 1197 2904 correctionis

183 2937 383 3008 praeceptum,
404 2925 539 3003 putantes
551 2943 615 2984 eam
638 2927 844 3004 profuturam?

220 3014 270 3072 tt.
280 3012 332 3070 ill.
346 3009 428 3069 Circa
440 3023 528 3086 opera
543 3010 779 3088 interrogentur,
791 3019 917 3086 quacum
931 3025 995 3069 rem
1009 3007 1195 3071 habuerint?

182 3096 255 3158 urim
278 3092 349 3153 aliis
368 3110 436 3153 eum
459 3094 559 3153 eadem
580 3096 757 3172 peccarint?
775 3095 826 3153 ubi
849 3103 999 3172 peccatum
1026 3095 1114 3153 fuerit
1136 3111 1195 3170 pa·

181 3188 291 3242 tratum
312 3177 360 3257 (ad
378 3179 542 3237 occasiones
558 3178 784 3256 removendas),
806 3179 920 3256 quaties
944 3188 1095 3256 peecatum
1116 3196 1196 3238 ean-
1305 3187 1307 3256 q

181 3272 381 3334 summatum,
405 3269 436 3321 et
462 3271 535 3340 quot
561 3272 642 3328 aetus
661 3264 820 3341 interrupti
839 3262 1009 3333 adfuerint,
1029 3263 1149 3322 seorsim
1170 3261 1194 3324 d

182 3351 326 3427 peccato?
354 3344 428 3406 urim
458 3355 575 3425 peecata
605 3344 734 3406 multiim
762 3344 830 3405 ante
858 3346 1085 3407 consenserint?
1111 3347 1194 3407 Nam
1306 3347 1307 3362 ³

182 3440 253 3492 tune
272 3439 352 3490 actas
371 3431 480 3490 interni
500 3432 779 3509 interrumpuntur,
791 3429 874 3506 juxta
892 3432 968 3491 dicta
982 3428 1015 3510 (f.
1034 3446 1060 3490 ο.
1078 3445 1109 3490 η.
1124 3430 1193 3507 te.)

182 3522 212 3575 et
232 3511 297 3575 uim
313 3514 433 3592 expedit
448 3515 578 3576 formare
590 3515 760 3593 judicium,
777 3516 863 3575 toties
890 3516 1081 3593 multiplicata
1099 3513 1194 3573 faisse

181 3606 317 3676 peccem,
336 3606 409 3677 quot
432 3601 557 3661 morule
587 3600 705 3676 somni,
724 3599 944 3673 distractionis,
965 3610 1022 3661 etc.
1039 3596 1194 3658 adfuerint
1305 3611 1306 3624 ³

1311 207 1313 262 i
