2642 4167
155 244 215 314 256
385 246 778 316 Εεαειιεοιιιίεειιιειιιιι.
797 250 871 336 Cup.
884 254 914 316 5.
954 265 959 270 ·

158 348 327 423 venialem,
352 353 534 431 probabilius
554 363 651 415 tamen
676 363 798 418 estesse
817 356 987 428 maculem,
1002 355 1029 417 si
1045 356 1083 418 sit
1104 356 1164 420 ire·

159 453 273 514 quens,
290 453 357 497 eum
374 439 524 516 proposito
541 438 711 517 frequenter
722 459 789 501 cum
803 457 838 500 eo
853 440 1104 504 communicandi.
1178 469 1181 476 ¹

505 617 544 678 tt.
559 618 604 677 Do
614 617 812 699 suspensione.

198 796 247 856 et.
259 826 298 841 -
315 729 489 859 Snusmm
506 800 550 854 εει
564 810 704 866 unsara,
718 798 778 875 quo
791 793 911 858 clericae
926 793 1095 878 functiones
1107 795 1165 862 oii-
1243 771 1246 775 Δ

161 876 1166 961 quoseeeleeiuetieoseenctreproita'ieter.Multipliciterautemdivi·

160 965 242 1026 ditur
250 965 410 1042 suspensio.
423 965 522 1025 Latio
537 964 604 1024 estu
615 964 699 1041 jure:
715 966 769 1026 alia
779 965 955 1026 abhomine.
966 966 1060 1027 attia
1070 963 1167 1026 fertur

161 1049 198 1109 ud
218 1058 330 1109 eertum
345 1056 481 1126 tempus,
496 1066 555 1125 quo
568 1048 665 1127 elapso
681 1052 795 1129 expirat
812 1073 819 1109 :
834 1051 889 1110 alia
909 1051 1003 1111 iertur
1017 1049 1166 1123 absoluti,

161 1151 227 1212 quoe
255 1141 353 1192 monet
374 1132 468 1192 donee
494 1151 547 1209 per
569 1133 783 1194 absolutionem
804 1136 963 1194 auferatur.
993 1136 1022 1194 5.
1042 1134 1106 1193 iilia
1123 1142 1168 1193 εει

161 1218 198 1278 ab
211 1216 306 1288 officio
318 1260 326 1287 ,
338 1233 445 1294 nempe
457 1217 570 1279 ordinis
583 1261 592 1286 ,
604 1220 650 1278 vel
662 1218 876 1296 jurisdictionis
886 1241 895 1295 3
905 1220 959 1278 alia
969 1216 989 1277 'ir
1003 1218 1169 1294 benefiei03
1256 1267 1268 1277 .

162 1301 263 1363 etalio
286 1301 323 1361 ab
340 1309 486 1379 utroque,
505 1311 565 1362 tam
582 1302 618 1363 ab
640 1302 758 1375 officio,
776 1301 899 1382 quiunt
922 1302 1074 1363 benefieio.
1093 1301 1170 1361 Vide
1210 1304 1214 1310 '

162 1387 337 1468 quaestiones
350 1404 440 1467 super
452 1386 505 1448 hae
516 1405 636 1449 censura
648 1388 679 1447 in
691 1386 814 1451 Murali.
827 1387 848 1450 l.
860 1390 891 1450 7.
907 1406 941 1448 n.
954 1389 1021 1449 512.
1038 1394 1067 1447 ει
1074 1403 1140 1472 εει.

505 1569 557 1629 ttt.
574 1571 618 1664 Dc
637 1551 825 1652 depositione.

202 1740 252 1802 85.
266 1771 305 1787 -
318 1678 497 1804 Derosraro
510 1745 553 1798 est
570 1755 637 1818 que
653 1738 753 1819 prium
771 1735 944 1821 simpliciter
954 1737 1038 1801 amai
1050 1755 1110 1801 uau
1123 1738 1173 1820 of·

161 1821 319 1904 fieiorum,
333 1832 362 1884 et
386 1822 598 1903 beneficiorum.
619 1824 769 1901 Depositio
788 1834 888 1884 autem
904 1824 959 1883 alia
983 1832 1027 1884 εει
1052 1819 1173 1896 reatu,

164 1928 230 1986 quae
249 1909 357 1968 dicitur
380 1909 469 1969 etiam
488 1907 668 1985 degradatio.
693 1908 756 1968 etia
780 1906 927 1981 vertutis,
952 1927 1018 1986 quae
1038 1906 1175 1968 absolute

164 1993 231 2053 dicit
245 2011 272 2052 ar
282 1991 434 2069 depositio.
451 1993 547 2051 Prima
563 1990 597 2051 iit
615 2010 683 2068 eum
699 1994 903 2065 solemnitate,
924 2003 953 2053 ει
967 1994 1063 2072 privat
1078 1993 1172 2070 privi-

164 2076 243 2156 legio
263 2084 324 2135 tam
344 2076 415 2152 tori,
436 2073 525 2152 quem
542 2075 679 2148 canonis,
697 2078 807 2154 absque
822 2096 873 2156 spe
893 2078 1098 2150 restitutionis
1121 2078 1175 2135 Se·

164 2159 259 2220 cunda
271 2157 342 2219 verit
353 2159 386 2218 fit
398 2160 462 2219 sine
472 2159 676 2233 solemnitate,
691 2169 720 2220 ει
734 2171 858 2239 utroque
873 2161 1025 2239 privilegio
1037 2171 1174 2237 retent03

164 2242 230 2306 uide
242 2239 263 2304 l.
278 2245 309 2303 7.
324 2261 356 2303 n.
367 2245 434 2304 525.

522 2425 572 2486 tv.
586 2426 631 2487 De
648 2424 812 2490 interdicto.

206 2611 254 2671 86.
269 2642 306 2655 -
320 2547 523 2671 lassaremur
532 2615 575 2665 est
585 2623 709 2666 censure
717 2603 908 2667 eclesiastica
918 2602 1075 2685 potitius
1086 2620 1178 2666 usuca

168 2703 230 2756 tum
250 2693 419 2754 diuinorum
433 2688 616 2772 officiorum,
638 2693 727 2770 quum
740 2689 870 2752 oliorum
890 2693 1151 2753 sacramentorum
1167 2734 1177 2762 ,

167 2788 195 2838 et
205 2777 294 2838 etium
306 2774 502 2837 ecclesiasticen
514 2772 674 2855 sepulturae
696 2793 782 2835 usum
796 2820 803 2846 ‚
816 2775 962 2856 quotenus
975 2771 1045 2834 tolia
1054 2782 1107 2835 est.
1123 2774 1179 2833 Di-

167 2865 263 2934 citur,
281 2861 426 2943 quotenus
444 2858 513 2921 tolia
530 2869 591 2936 εει,
613 2863 682 2938 quia
695 2861 1063 2921 excommunicationum
1079 2861 1179 2936 privat

168 2950 271 3010 eodem
295 2964 373 3014 usu,
397 2944 449 3005 scd
473 2943 617 3022 quatenns
634 2956 679 3005 est
694 2947 919 3006 communicatio
932 2964 1000 3005 eum
1020 2944 1179 3021 fidelibus,

167 3034 318 3110 suspensio
334 3039 432 3090 autern
460 3048 520 3088 non
537 3030 660 3106 impedit
674 3029 791 3106 proprie
808 3025 893 3094 usum
907 3073 915 3102 ,
930 3029 981 3089 sed
1001 3029 1179 3089 exercitium

168 3119 319 3195 potestatis
344 3115 551 3175 ecclesiasticae.
579 3115 773 3175 Interdictum
800 3115 879 3175 aliud
899 3124 942 3173 cst
961 3111 1070 3182 ioeole,
1096 3113 1180 3190 quod
1295 3119 1296 3124 ’

168 3199 338 3262 immediate
354 3200 443 3259 afficit
455 3200 568 3267 locum,
588 3197 850 3277 retunderentur,
863 3197 1033 3258 immediate
1046 3196 1181 3256 afficiens

169 3303 318 3364 personas.
345 3287 442 3345 Potest
461 3301 524 3343 εεεε
541 3284 630 3344 etiem
658 3285 785 3342 mixtum
804 3327 814 3356 ,
835 3282 915 3361 quod
941 3281 1048 3340 afficiat
1072 3282 1181 3340 imme·
1250 3325 1255 3334 .

169 3366 247 3429 diaeo
273 3377 333 3429 mm
355 3369 453 3444 locum
476 3367 565 3445 quiem
590 3367 710 3427 incolas.
738 3366 809 3429 Vide
825 3364 888 3429 ulio
907 3362 929 3426 l.
952 3363 981 3424 7.
1003 3383 1035 3423 n.
1060 3365 1132 3424 528.
1151 3369 1183 3422 ει

170 3468 231 3529 seq.
244 3451 431 3513 Adestetiam
444 3451 565 3513 nasutio
578 3452 597 3511 ἀ
610 3449 734 3527 diuinis,
749 3469 815 3528 quae
829 3451 993 3511 definitur:
1008 3446 1180 3509 Prohibita‘o
1294 3475 1295 3524 1

170 3530 280 3622 eternis
302 3535 402 3614 foetu,
425 3544 462 3595 ut
480 3535 651 3597 obstineant
671 3534 709 3597 ob
729 3532 833 3615 officiis
846 3533 973 3606 divinia,
994 3541 1024 3594 et
1041 3531 1079 3594 ob
1092 3528 1181 3591 ecele-

172 3614 291 3673 aaostico
322 3615 485 3693 aeputtnru.
510 3621 577 3679 {tore
605 3637 666 3681 non
687 3628 732 3680 est
761 3637 903 3691 censura,
933 3635 987 3678 nec
1010 3616 1180 3694 imponitur
