<?xml version="1.0" encoding="UTF-8"?>
<!DOCTYPE html PUBLIC "-//W3C//DTD XHTML 1.0 Transitional//EN"
    "http://www.w3.org/TR/xhtml1/DTD/xhtml1-transitional.dtd">
<html xmlns="http://www.w3.org/1999/xhtml" xml:lang="en" lang="en">
 <head>
  <title>
</title>
<meta http-equiv="Content-Type" content="text/html;charset=utf-8" />
  <meta name='ocr-system' content='tesseract 3.04.00' />
  <meta name='ocr-capabilities' content='ocr_page ocr_carea ocr_par ocr_line ocrx_word'/>
</head>
<body>
  <div class='ocr_page' id='page_1' title='image "./theologiamorali05heilgoog_0328.png"; bbox 0 0 2642 4167; ppageno 0'>
   <div class='ocr_carea' id='block_1_1' title="bbox 144 183 985 268">
    <p class='ocr_par' dir='ltr' id='par_1_1' title="bbox 144 183 985 268">
     <span class='ocr_line' id='line_1_1' title="bbox 144 183 985 268; baseline 0.006 -22"><span class='ocrx_word' id='word_1_1' title='bbox 144 188 227 247; x_wconf 72' lang='lat' dir='ltr'><strong>set</strong></span> <span class='ocrx_word' id='word_1_2' title='bbox 365 187 503 268; x_wconf 78' lang='lat' dir='ltr'><strong>Epitenrc</strong></span> <span class='ocrx_word' id='word_1_3' title='bbox 515 184 654 249; x_wconf 71' lang='lat' dir='ltr'><strong>doctrines</strong></span> <span class='ocrx_word' id='word_1_4' title='bbox 665 183 787 248; x_wconf 68' lang='lat' dir='ltr'><strong>lateralis</strong></span> <span class='ocrx_word' id='word_1_5' title='bbox 798 194 826 247; x_wconf 83' lang='lat' dir='ltr'><strong>et</strong></span> <span class='ocrx_word' id='word_1_6' title='bbox 837 187 985 251; x_wconf 69' lang='lat' dir='ltr'><strong>castanieto</strong></span> 
     </span>
    </p>
   </div>
   <div class='ocr_carea' id='block_1_2' title="bbox 68 285 1176 3051">
    <p class='ocr_par' dir='ltr' id='par_1_2' title="bbox 168 285 1176 453">
     <span class='ocr_line' id='line_1_2' title="bbox 168 285 1176 371; baseline 0.007 -26"><span class='ocrx_word' id='word_1_7' title='bbox 168 286 257 347; x_wconf 86' lang='lat' dir='ltr'><strong>statui</strong></span> <span class='ocrx_word' id='word_1_8' title='bbox 277 287 403 348; x_wconf 82' lang='lat' dir='ltr'><strong>civitatis</strong></span> <span class='ocrx_word' id='word_1_9' title='bbox 422 288 499 350; x_wconf 75' lang='lat' dir='ltr'><strong>male</strong></span> <span class='ocrx_word' id='word_1_10' title='bbox 516 289 676 359; x_wconf 87' lang='lat' dir='ltr'><strong>ordinatoe,</strong></span> <span class='ocrx_word' id='word_1_11' title='bbox 697 289 729 349; x_wconf 87' lang='lat' dir='ltr'><strong>in</strong></span> <span class='ocrx_word' id='word_1_12' title='bbox 754 290 811 366; x_wconf 75' lang='lat' dir='ltr'><strong>qud</strong></span> <span class='ocrx_word' id='word_1_13' title='bbox 831 285 994 360; x_wconf 67' lang='lat' dir='ltr'><strong>nimirem,</strong></span> <span class='ocrx_word' id='word_1_14' title='bbox 1013 290 1061 351; x_wconf 83' lang='lat' dir='ltr'><strong>rel</strong></span> <span class='ocrx_word' id='word_1_15' title='bbox 1080 292 1176 371; x_wconf 77' lang='lat' dir='ltr'><strong>negli·</strong></span> 
     </span>
     <span class='ocr_line' id='line_1_3' title="bbox 168 371 1104 453; baseline 0.006 -21"><span class='ocrx_word' id='word_1_16' title='bbox 168 371 284 450; x_wconf 70' lang='lat' dir='ltr'><strong>gentil,</strong></span> <span class='ocrx_word' id='word_1_17' title='bbox 300 373 346 432; x_wconf 86' lang='lat' dir='ltr'><strong>rel</strong></span> <span class='ocrx_word' id='word_1_18' title='bbox 366 373 476 433; x_wconf 69' lang='lat' dir='ltr'><strong>malitie</strong></span> <span class='ocrx_word' id='word_1_19' title='bbox 492 373 677 451; x_wconf 78' lang='lat' dir='ltr'><strong>naagistratbs</strong></span> <span class='ocrx_word' id='word_1_20' title='bbox 687 372 801 449; x_wconf 85' lang='lat' dir='ltr'><strong>justitia</strong></span> <span class='ocrx_word' id='word_1_21' title='bbox 817 373 918 453; x_wconf 79' lang='lat' dir='ltr'><strong>aperte</strong></span> <span class='ocrx_word' id='word_1_22' title='bbox 931 373 1104 453; x_wconf 77' lang='lat' dir='ltr'><strong>denegatur.</strong></span> 
     </span>
    </p>

    <p class='ocr_par' dir='ltr' id='par_1_3' title="bbox 167 458 1175 875">
     <span class='ocr_line' id='line_1_4' title="bbox 207 458 1173 539; baseline 0.007 -21"><span class='ocrx_word' id='word_1_23' title='bbox 207 458 293 518; x_wconf 80' lang='lat' dir='ltr'><strong>Vetat</strong></span> <span class='ocrx_word' id='word_1_24' title='bbox 316 458 449 519; x_wconf 77' lang='lat' dir='ltr'><strong>Pontifex</strong></span> <span class='ocrx_word' id='word_1_25' title='bbox 466 460 497 518; x_wconf 91' lang='lat' dir='ltr'><strong>in</strong></span> <span class='ocrx_word' id='word_1_26' title='bbox 518 458 619 518; x_wconf 79' lang='lat' dir='ltr'><strong>eedem</strong></span> <span class='ocrx_word' id='word_1_27' title='bbox 636 459 735 531; x_wconf 85' lang='lat' dir='ltr'><strong>bulbi,</strong></span> <span class='ocrx_word' id='word_1_28' title='bbox 761 476 799 520; x_wconf 90' lang='lat' dir='ltr'><strong>ne</strong></span> <span class='ocrx_word' id='word_1_29' title='bbox 817 459 934 520; x_wconf 87' lang='lat' dir='ltr'><strong>easdem</strong></span> <span class='ocrx_word' id='word_1_30' title='bbox 959 462 1173 539; x_wconf 71' lang='lat' dir='ltr'><strong>propositiones</strong></span> 
     </span>
     <span class='ocr_line' id='line_1_5' title="bbox 168 541 1174 623; baseline 0.008 -23"><span class='ocrx_word' id='word_1_31' title='bbox 168 542 234 618; x_wconf 72' lang='lat' dir='ltr'><strong>(puis</strong></span> <span class='ocrx_word' id='word_1_32' title='bbox 244 541 398 615; x_wconf 79' lang='lat' dir='ltr'><strong>defendat,</strong></span> <span class='ocrx_word' id='word_1_33' title='bbox 412 541 528 621; x_wconf 77' lang='lat' dir='ltr'><strong>publice</strong></span> <span class='ocrx_word' id='word_1_34' title='bbox 536 545 583 603; x_wconf 87' lang='lat' dir='ltr'><strong>rel</strong></span> <span class='ocrx_word' id='word_1_35' title='bbox 595 543 734 621; x_wconf 88' lang='lat' dir='ltr'><strong>priratim</strong></span> <span class='ocrx_word' id='word_1_36' title='bbox 745 587 753 613; x_wconf 86' lang='lat'><strong>,</strong></span> <span class='ocrx_word' id='word_1_37' title='bbox 766 543 884 605; x_wconf 86' lang='lat' dir='ltr'><strong>divisim</strong></span> <span class='ocrx_word' id='word_1_38' title='bbox 896 588 904 614; x_wconf 87' lang='lat'><strong>,</strong></span> <span class='ocrx_word' id='word_1_39' title='bbox 916 554 967 604; x_wconf 87' lang='lat' dir='ltr'><strong>aut</strong></span> <span class='ocrx_word' id='word_1_40' title='bbox 980 545 1174 623; x_wconf 71' lang='lat' dir='ltr'><strong>conjunctim,</strong></span> 
     </span>
     <span class='ocr_line' id='line_1_6' title="bbox 167 625 1175 707; baseline 0.005 -21"><span class='ocrx_word' id='word_1_41' title='bbox 167 625 256 686; x_wconf 87' lang='lat' dir='ltr'><strong>etiam</strong></span> <span class='ocrx_word' id='word_1_42' title='bbox 269 627 437 704; x_wconf 85' lang='lat' dir='ltr'><strong>disputandi</strong></span> <span class='ocrx_word' id='word_1_43' title='bbox 452 628 565 705; x_wconf 78' lang='lat' dir='ltr'><strong>gratid3</strong></span> <span class='ocrx_word' id='word_1_44' title='bbox 579 628 709 705; x_wconf 89' lang='lat' dir='ltr'><strong>alioquin</strong></span> <span class='ocrx_word' id='word_1_45' title='bbox 723 628 833 688; x_wconf 84' lang='lat' dir='ltr'><strong>incidet</strong></span> <span class='ocrx_word' id='word_1_46' title='bbox 847 630 910 707; x_wconf 86' lang='lat' dir='ltr'><strong>ipso</strong></span> <span class='ocrx_word' id='word_1_47' title='bbox 923 629 997 688; x_wconf 87' lang='lat' dir='ltr'><strong>lacto</strong></span> <span class='ocrx_word' id='word_1_48' title='bbox 1012 629 1043 688; x_wconf 92' lang='lat' dir='ltr'><strong>in</strong></span> <span class='ocrx_word' id='word_1_49' title='bbox 1056 648 1175 697; x_wconf 73' lang='lat' dir='ltr'><strong>exeam,</strong></span> 
     </span>
     <span class='ocr_line' id='line_1_7' title="bbox 168 712 1171 782; baseline 0.003 -12"><span class='ocrx_word' id='word_1_50' title='bbox 168 712 396 772; x_wconf 81' lang='lat' dir='ltr'><strong>muniretionem</strong></span> <span class='ocrx_word' id='word_1_51' title='bbox 412 721 587 773; x_wconf 73' lang='lat' dir='ltr'>reservatam</span> <span class='ocrx_word' id='word_1_52' title='bbox 603 713 735 771; x_wconf 84' lang='lat' dir='ltr'><strong>liemaro</strong></span> <span class='ocrx_word' id='word_1_53' title='bbox 750 712 894 772; x_wconf 77' lang='lat' dir='ltr'><strong>Pontifici.</strong></span> <span class='ocrx_word' id='word_1_54' title='bbox 910 713 1049 782; x_wconf 78' lang='lat' dir='ltr'>Mandat,</span> <span class='ocrx_word' id='word_1_55' title='bbox 1066 715 1097 774; x_wconf 91' lang='lat' dir='ltr'><strong>in</strong></span> <span class='ocrx_word' id='word_1_56' title='bbox 1111 715 1171 774; x_wconf 88' lang='lat' dir='ltr'><strong>vir-</strong></span> 
     </span>
     <span class='ocr_line' id='line_1_8' title="bbox 168 795 1171 875; baseline 0.005 -21"><span class='ocrx_word' id='word_1_57' title='bbox 168 804 232 855; x_wconf 89' lang='lat' dir='ltr'><strong>tute</strong></span> <span class='ocrx_word' id='word_1_58' title='bbox 246 797 277 855; x_wconf 89' lang='lat' dir='ltr'><strong>S.</strong></span> <span class='ocrx_word' id='word_1_59' title='bbox 290 795 463 857; x_wconf 78' lang='lat' dir='ltr'><strong>obedientie</strong></span> <span class='ocrx_word' id='word_1_60' title='bbox 474 838 483 867; x_wconf 92' lang='lat'><strong>‚</strong></span> <span class='ocrx_word' id='word_1_61' title='bbox 494 813 533 857; x_wconf 89' lang='lat' dir='ltr'><strong>ne</strong></span> <span class='ocrx_word' id='word_1_62' title='bbox 545 796 611 874; x_wconf 88' lang='lat' dir='ltr'><strong>quis</strong></span> <span class='ocrx_word' id='word_1_63' title='bbox 623 813 672 855; x_wconf 79' lang='lat' dir='ltr'><strong>ers</strong></span> <span class='ocrx_word' id='word_1_64' title='bbox 682 804 712 855; x_wconf 87' lang='lat' dir='ltr'><strong>et</strong></span> <span class='ocrx_word' id='word_1_65' title='bbox 721 812 759 855; x_wconf 92' lang='lat' dir='ltr'><strong>ne</strong></span> <span class='ocrx_word' id='word_1_66' title='bbox 780 814 869 856; x_wconf 82' lang='lat' dir='ltr'><strong>enain</strong></span> <span class='ocrx_word' id='word_1_67' title='bbox 883 796 1003 875; x_wconf 87' lang='lat' dir='ltr'><strong>quidem</strong></span> <span class='ocrx_word' id='word_1_68' title='bbox 1015 798 1046 858; x_wconf 93' lang='lat' dir='ltr'><strong>in</strong></span> <span class='ocrx_word' id='word_1_69' title='bbox 1059 799 1171 875; x_wconf 85' lang='lat' dir='ltr'><strong>praxim</strong></span> 
     </span>
    </p>

    <p class='ocr_par' dir='ltr' id='par_1_4' title="bbox 68 964 1173 3051">
     <span class='ocr_line' id='line_1_9' title="bbox 205 964 1171 1042; baseline 0.002 -18"><span class='ocrx_word' id='word_1_70' title='bbox 205 965 367 1025; x_wconf 79' lang='lat' dir='ltr'><strong>Conlirmat</strong></span> <span class='ocrx_word' id='word_1_71' title='bbox 381 964 608 1042; x_wconf 72' lang='lat' dir='ltr'><strong>procedentium</strong></span> <span class='ocrx_word' id='word_1_72' title='bbox 623 966 823 1027; x_wconf 86' lang='lat' dir='ltr'><strong>Romanorum</strong></span> <span class='ocrx_word' id='word_1_73' title='bbox 838 965 1014 1025; x_wconf 83' lang='lat' dir='ltr'><strong>Pontificum</strong></span> <span class='ocrx_word' id='word_1_74' title='bbox 1031 966 1171 1026; x_wconf 89' lang='lat' dir='ltr'><strong>constite-</strong></span> 
     </span>
     <span class='ocr_line' id='line_1_10' title="bbox 168 1047 1171 1128; baseline 0.002 -22"><span class='ocrx_word' id='word_1_75' title='bbox 168 1048 260 1106; x_wconf 90' lang='lat' dir='ltr'><strong>tiones</strong></span> <span class='ocrx_word' id='word_1_76' title='bbox 278 1049 315 1107; x_wconf 93' lang='lat' dir='ltr'><strong>dc</strong></span> <span class='ocrx_word' id='word_1_77' title='bbox 338 1047 456 1117; x_wconf 75' lang='lat' dir='ltr'><strong>dercilo,</strong></span> <span class='ocrx_word' id='word_1_78' title='bbox 480 1059 568 1126; x_wconf 90' lang='lat' dir='ltr'><strong>atque</strong></span> <span class='ocrx_word' id='word_1_79' title='bbox 590 1049 699 1118; x_wconf 88' lang='lat' dir='ltr'><strong>edicit,</strong></span> <span class='ocrx_word' id='word_1_80' title='bbox 728 1060 761 1109; x_wconf 87' lang='lat' dir='ltr'><strong>ut</strong></span> <span class='ocrx_word' id='word_1_81' title='bbox 781 1050 806 1108; x_wconf 87' lang='lat' dir='ltr'><strong>si</strong></span> <span class='ocrx_word' id='word_1_82' title='bbox 825 1050 891 1128; x_wconf 85' lang='lat' dir='ltr'><strong>quis</strong></span> <span class='ocrx_word' id='word_1_83' title='bbox 915 1050 944 1108; x_wconf 91' lang='lat' dir='ltr'><strong>iu</strong></span> <span class='ocrx_word' id='word_1_84' title='bbox 971 1049 1090 1120; x_wconf 91' lang='lat' dir='ltr'><strong>duello,</strong></span> <span class='ocrx_word' id='word_1_85' title='bbox 1111 1050 1171 1109; x_wconf 82' lang='lat' dir='ltr'><strong>sire</strong></span> 
     </span>
     <span class='ocr_line' id='line_1_11' title="bbox 68 1132 1169 1210; baseline 0.005 -21"><span class='ocrx_word' id='word_1_86' title='bbox 68 1146 71 1152; x_wconf 87' lang='lat'>·</span> <span class='ocrx_word' id='word_1_87' title='bbox 166 1132 304 1210; x_wconf 81' lang='lat' dir='ltr'><strong>publice,</strong></span> <span class='ocrx_word' id='word_1_88' title='bbox 319 1133 380 1192; x_wconf 83' lang='lat' dir='ltr'><strong>sire</strong></span> <span class='ocrx_word' id='word_1_89' title='bbox 397 1134 536 1210; x_wconf 84' lang='lat' dir='ltr'><strong>privatim</strong></span> <span class='ocrx_word' id='word_1_90' title='bbox 559 1134 667 1193; x_wconf 90' lang='lat' dir='ltr'><strong>indicto</strong></span> <span class='ocrx_word' id='word_1_91' title='bbox 688 1133 839 1193; x_wconf 81' lang='lat' dir='ltr'><strong>lromioem</strong></span> <span class='ocrx_word' id='word_1_92' title='bbox 857 1133 1014 1203; x_wconf 88' lang='lat' dir='ltr'><strong>occiderit,</strong></span> <span class='ocrx_word' id='word_1_93' title='bbox 1037 1135 1100 1193; x_wconf 85' lang='lat' dir='ltr'><strong>sive</strong></span> <span class='ocrx_word' id='word_1_94' title='bbox 1121 1133 1169 1194; x_wconf 87' lang='lat' dir='ltr'><strong>ille</strong></span> 
     </span>
     <span class='ocr_line' id='line_1_12' title="bbox 167 1214 1171 1291; baseline 0.003 -18"><span class='ocrx_word' id='word_1_95' title='bbox 167 1214 272 1274; x_wconf 91' lang='lat' dir='ltr'><strong>obierit</strong></span> <span class='ocrx_word' id='word_1_96' title='bbox 287 1216 318 1275; x_wconf 90' lang='lat' dir='ltr'><strong>in</strong></span> <span class='ocrx_word' id='word_1_97' title='bbox 339 1218 402 1276; x_wconf 90' lang='lat' dir='ltr'><strong>loco</strong></span> <span class='ocrx_word' id='word_1_98' title='bbox 423 1216 594 1288; x_wconf 79' lang='lat' dir='ltr'><strong>curtilicius,</strong></span> <span class='ocrx_word' id='word_1_99' title='bbox 609 1218 671 1276; x_wconf 91' lang='lat' dir='ltr'><strong>sive</strong></span> <span class='ocrx_word' id='word_1_100' title='bbox 689 1216 789 1291; x_wconf 82' lang='lat' dir='ltr'><strong>extr&#39;a,</strong></span> <span class='ocrx_word' id='word_1_101' title='bbox 810 1235 846 1277; x_wconf 84' lang='lat' dir='ltr'><strong>ex</strong></span> <span class='ocrx_word' id='word_1_102' title='bbox 865 1217 989 1276; x_wconf 88' lang='lat' dir='ltr'><strong>vulnere</strong></span> <span class='ocrx_word' id='word_1_103' title='bbox 1016 1216 1047 1275; x_wconf 90' lang='lat' dir='ltr'><strong>in</strong></span> <span class='ocrx_word' id='word_1_104' title='bbox 1073 1217 1171 1276; x_wconf 90' lang='lat' dir='ltr'><strong>duello</strong></span> 
     </span>
     <span class='ocr_line' id='line_1_13' title="bbox 165 1300 1171 1380; baseline 0.002 -22"><span class='ocrx_word' id='word_1_105' title='bbox 165 1308 302 1377; x_wconf 88' lang='lat' dir='ltr'><strong>accepto,</strong></span> <span class='ocrx_word' id='word_1_106' title='bbox 316 1300 594 1379; x_wconf 85' lang='lat' dir='ltr'><strong>perindehabeatur</strong></span> <span class='ocrx_word' id='word_1_107' title='bbox 608 1321 641 1362; x_wconf 90' lang='lat' dir='ltr'><strong>ac</strong></span> <span class='ocrx_word' id='word_1_108' title='bbox 655 1301 799 1362; x_wconf 79' lang='lat' dir='ltr'><strong>homicida</strong></span> <span class='ocrx_word' id='word_1_109' title='bbox 819 1303 1020 1373; x_wconf 79' lang='lat' dir='ltr'><strong>voluntarius,</strong></span> <span class='ocrx_word' id='word_1_110' title='bbox 1041 1302 1171 1380; x_wconf 83' lang='lat' dir='ltr'><strong>adeoque</strong></span> 
     </span>
     <span class='ocr_line' id='line_1_14' title="bbox 166 1384 1171 1465; baseline 0.004 -23"><span class='ocrx_word' id='word_1_111' title='bbox 166 1384 353 1445; x_wconf 73' lang='lat' dir='ltr'><strong>immensitate</strong></span> <span class='ocrx_word' id='word_1_112' title='bbox 371 1387 442 1465; x_wconf 79' lang='lat' dir='ltr'><strong>asyli</strong></span> <span class='ocrx_word' id='word_1_113' title='bbox 471 1404 530 1445; x_wconf 90' lang='lat' dir='ltr'><strong>non</strong></span> <span class='ocrx_word' id='word_1_114' title='bbox 551 1387 691 1464; x_wconf 82' lang='lat' dir='ltr'><strong>gaudeat,</strong></span> <span class='ocrx_word' id='word_1_115' title='bbox 713 1385 826 1446; x_wconf 78' lang='lat' dir='ltr'><strong>extrahi</strong></span> <span class='ocrx_word' id='word_1_116' title='bbox 843 1385 859 1445; x_wconf 80' lang='lat' dir='ltr'><strong>ie</strong></span> <span class='ocrx_word' id='word_1_117' title='bbox 874 1387 938 1446; x_wconf 89' lang='lat' dir='ltr'><strong>loeo</strong></span> <span class='ocrx_word' id='word_1_118' title='bbox 954 1403 1036 1445; x_wconf 87' lang='lat' dir='ltr'><strong>sacro</strong></span> <span class='ocrx_word' id='word_1_119' title='bbox 1061 1387 1171 1463; x_wconf 81' lang='lat' dir='ltr'><strong>possit,</strong></span> 
     </span>
     <span class='ocr_line' id='line_1_15' title="bbox 165 1469 1171 1549; baseline 0 -20"><span class='ocrx_word' id='word_1_120' title='bbox 165 1469 233 1529; x_wconf 81' lang='lat' dir='ltr'><strong>tau</strong></span> <span class='ocrx_word' id='word_1_121' title='bbox 250 1469 290 1529; x_wconf 82' lang='lat' dir='ltr'><strong>eb</strong></span> <span class='ocrx_word' id='word_1_122' title='bbox 317 1471 458 1548; x_wconf 81' lang='lat' dir='ltr'><strong>Episcopo</strong></span> <span class='ocrx_word' id='word_1_123' title='bbox 483 1472 619 1530; x_wconf 87' lang='lat' dir='ltr'><strong>laeultntc</strong></span> <span class='ocrx_word' id='word_1_124' title='bbox 643 1489 732 1548; x_wconf 85' lang='lat' dir='ltr'><strong>quum</strong></span> <span class='ocrx_word' id='word_1_125' title='bbox 760 1471 803 1531; x_wconf 88' lang='lat' dir='ltr'><strong>illi</strong></span> <span class='ocrx_word' id='word_1_126' title='bbox 831 1470 964 1529; x_wconf 76' lang='lat' dir='ltr'><strong>Pontifex</strong></span> <span class='ocrx_word' id='word_1_127' title='bbox 989 1470 1171 1549; x_wconf 82' lang='lat' dir='ltr'><strong>impertitur.</strong></span> 
     </span>
     <span class='ocr_line' id='line_1_16' title="bbox 165 1553 1170 1633; baseline 0 -18"><span class='ocrx_word' id='word_1_128' title='bbox 165 1553 273 1624; x_wconf 77' lang='lat' dir='ltr'><strong>Addit,</strong></span> <span class='ocrx_word' id='word_1_129' title='bbox 294 1553 376 1631; x_wconf 82' lang='lat' dir='ltr'><strong>qudd</strong></span> <span class='ocrx_word' id='word_1_130' title='bbox 396 1556 420 1616; x_wconf 91' lang='lat' dir='ltr'><strong>si</strong></span> <span class='ocrx_word' id='word_1_131' title='bbox 442 1554 538 1616; x_wconf 88' lang='lat' dir='ltr'><strong>adbuc</strong></span> <span class='ocrx_word' id='word_1_132' title='bbox 559 1558 639 1616; x_wconf 83' lang='lat' dir='ltr'><strong>rivet</strong></span> <span class='ocrx_word' id='word_1_133' title='bbox 654 1556 784 1633; x_wconf 79' lang='lat' dir='ltr'><strong>graviter</strong></span> <span class='ocrx_word' id='word_1_134' title='bbox 803 1555 973 1614; x_wconf 82' lang='lat' dir='ltr'><strong>uulneratus</strong></span> <span class='ocrx_word' id='word_1_135' title='bbox 994 1553 1024 1613; x_wconf 87' lang='lat' dir='ltr'><strong>in</strong></span> <span class='ocrx_word' id='word_1_136' title='bbox 1048 1553 1170 1625; x_wconf 88' lang='lat' dir='ltr'><strong>duello,</strong></span> 
     </span>
     <span class='ocr_line' id='line_1_17' title="bbox 166 1637 1171 1719; baseline 0.001 -21"><span class='ocrx_word' id='word_1_137' title='bbox 166 1648 196 1699; x_wconf 89' lang='lat' dir='ltr'><strong>et</strong></span> <span class='ocrx_word' id='word_1_138' title='bbox 214 1657 367 1717; x_wconf 77' lang='lat' dir='ltr'><strong>percussor</strong></span> <span class='ocrx_word' id='word_1_139' title='bbox 382 1640 543 1701; x_wconf 87' lang='lat' dir='ltr'><strong>recurrerit</strong></span> <span class='ocrx_word' id='word_1_140' title='bbox 561 1641 598 1701; x_wconf 89' lang='lat' dir='ltr'><strong>ad</strong></span> <span class='ocrx_word' id='word_1_141' title='bbox 616 1640 751 1719; x_wconf 87' lang='lat' dir='ltr'><strong>asylum,</strong></span> <span class='ocrx_word' id='word_1_142' title='bbox 765 1658 798 1699; x_wconf 91' lang='lat' dir='ltr'><strong>ac</strong></span> <span class='ocrx_word' id='word_1_143' title='bbox 813 1637 921 1699; x_wconf 88' lang='lat' dir='ltr'><strong>meritd</strong></span> <span class='ocrx_word' id='word_1_144' title='bbox 937 1639 1077 1699; x_wconf 80' lang='lat' dir='ltr'><strong>tImeetur</strong></span> <span class='ocrx_word' id='word_1_145' title='bbox 1090 1640 1171 1699; x_wconf 86' lang='lat' dir='ltr'><strong>futu·</strong></span> 
     </span>
     <span class='ocr_line' id='line_1_18' title="bbox 166 1724 1169 1801; baseline -0.001 -18"><span class='ocrx_word' id='word_1_146' title='bbox 166 1742 252 1793; x_wconf 89' lang='lat' dir='ltr'><strong>rum,</strong></span> <span class='ocrx_word' id='word_1_147' title='bbox 267 1734 300 1784; x_wconf 88' lang='lat' dir='ltr'><strong>nt</strong></span> <span class='ocrx_word' id='word_1_148' title='bbox 314 1727 337 1783; x_wconf 92' lang='lat' dir='ltr'><strong>si</strong></span> <span class='ocrx_word' id='word_1_149' title='bbox 351 1743 431 1784; x_wconf 88' lang='lat' dir='ltr'><strong>mors</strong></span> <span class='ocrx_word' id='word_1_150' title='bbox 445 1725 585 1786; x_wconf 87' lang='lat' dir='ltr'><strong>acciderit</strong></span> <span class='ocrx_word' id='word_1_151' title='bbox 600 1726 747 1785; x_wconf 82' lang='lat' dir='ltr'><strong>uulnerati</strong></span> <span class='ocrx_word' id='word_1_152' title='bbox 760 1769 769 1796; x_wconf 84' lang='lat'>‚</span> <span class='ocrx_word' id='word_1_153' title='bbox 784 1726 876 1785; x_wconf 89' lang='lat' dir='ltr'><strong>illese</strong></span> <span class='ocrx_word' id='word_1_154' title='bbox 890 1724 1049 1801; x_wconf 84' lang='lat' dir='ltr'><strong>proripiat,</strong></span> <span class='ocrx_word' id='word_1_155' title='bbox 1065 1732 1135 1783; x_wconf 90' lang='lat' dir='ltr'><strong>tunc</strong></span> <span class='ocrx_word' id='word_1_156' title='bbox 1146 1726 1169 1782; x_wconf 89' lang='lat' dir='ltr'><strong>si</strong></span> 
     </span>
     <span class='ocr_line' id='line_1_19' title="bbox 162 1808 1171 1889; baseline -0.001 -21"><span class='ocrx_word' id='word_1_157' title='bbox 162 1808 275 1886; x_wconf 83' lang='lat' dir='ltr'><strong>judicio</strong></span> <span class='ocrx_word' id='word_1_158' title='bbox 288 1810 452 1888; x_wconf 88' lang='lat' dir='ltr'><strong>peritorum</strong></span> <span class='ocrx_word' id='word_1_159' title='bbox 467 1829 555 1888; x_wconf 85' lang='lat' dir='ltr'><strong>grarc</strong></span> <span class='ocrx_word' id='word_1_160' title='bbox 569 1811 635 1869; x_wconf 84' lang='lat' dir='ltr'><strong>ritae</strong></span> <span class='ocrx_word' id='word_1_161' title='bbox 649 1810 813 1889; x_wconf 91' lang='lat' dir='ltr'><strong>periculum</strong></span> <span class='ocrx_word' id='word_1_162' title='bbox 827 1827 864 1868; x_wconf 82' lang='lat' dir='ltr'><strong>ex</strong></span> <span class='ocrx_word' id='word_1_163' title='bbox 879 1809 1002 1867; x_wconf 84' lang='lat' dir='ltr'><strong>vulnere</strong></span> <span class='ocrx_word' id='word_1_164' title='bbox 1016 1808 1171 1867; x_wconf 78' lang='lat' dir='ltr'><strong>imminere</strong></span> 
     </span>
     <span class='ocr_line' id='line_1_20' title="bbox 164 1892 1171 1972; baseline -0.003 -18"><span class='ocrx_word' id='word_1_165' title='bbox 164 1903 333 1966; x_wconf 85' lang='lat' dir='ltr'><strong>censeatur,</strong></span> <span class='ocrx_word' id='word_1_166' title='bbox 348 1894 518 1954; x_wconf 85' lang='lat' dir='ltr'><strong>extrahatur</strong></span> <span class='ocrx_word' id='word_1_167' title='bbox 535 1913 570 1954; x_wconf 84' lang='lat' dir='ltr'><strong>ex</strong></span> <span class='ocrx_word' id='word_1_168' title='bbox 583 1894 664 1972; x_wconf 85' lang='lat' dir='ltr'><strong>asyle</strong></span> <span class='ocrx_word' id='word_1_169' title='bbox 684 1911 773 1966; x_wconf 86' lang='lat' dir='ltr'><strong>reus,</strong></span> <span class='ocrx_word' id='word_1_170' title='bbox 791 1893 940 1971; x_wconf 87' lang='lat' dir='ltr'><strong>praemisso</strong></span> <span class='ocrx_word' id='word_1_171' title='bbox 960 1894 1085 1950; x_wconf 88' lang='lat' dir='ltr'><strong>Decreto</strong></span> <span class='ocrx_word' id='word_1_172' title='bbox 1101 1892 1171 1969; x_wconf 88' lang='lat' dir='ltr'><strong>Epi·</strong></span> 
     </span>
     <span class='ocr_line' id='line_1_21' title="bbox 164 1975 1168 2054; baseline -0.002 -18"><span class='ocrx_word' id='word_1_173' title='bbox 164 1978 243 2054; x_wconf 87' lang='lat' dir='ltr'><strong>scopi</strong></span> <span class='ocrx_word' id='word_1_174' title='bbox 263 1985 292 2037; x_wconf 87' lang='lat' dir='ltr'><strong>et</strong></span> <span class='ocrx_word' id='word_1_175' title='bbox 311 1996 379 2039; x_wconf 88' lang='lat' dir='ltr'><strong>eum</strong></span> <span class='ocrx_word' id='word_1_176' title='bbox 391 1979 552 2038; x_wconf 73' lang='lat' dir='ltr'><strong>assistentirl</strong></span> <span class='ocrx_word' id='word_1_177' title='bbox 565 1978 663 2038; x_wconf 89' lang='lat' dir='ltr'><strong>elerici</strong></span> <span class='ocrx_word' id='word_1_178' title='bbox 678 1978 715 2037; x_wconf 90' lang='lat' dir='ltr'><strong>ab</strong></span> <span class='ocrx_word' id='word_1_179' title='bbox 736 1978 838 2039; x_wconf 90' lang='lat' dir='ltr'><strong>eodem</strong></span> <span class='ocrx_word' id='word_1_180' title='bbox 853 1978 992 2054; x_wconf 81' lang='lat' dir='ltr'><strong>Episcopo</strong></span> <span class='ocrx_word' id='word_1_181' title='bbox 1015 1975 1168 2054; x_wconf 86' lang='lat' dir='ltr'><strong>deputati,</strong></span> 
     </span>
     <span class='ocr_line' id='line_1_22' title="bbox 164 2058 1170 2138; baseline -0.002 -18"><span class='ocrx_word' id='word_1_182' title='bbox 164 2071 194 2121; x_wconf 85' lang='lat' dir='ltr'><strong>et</strong></span> <span class='ocrx_word' id='word_1_183' title='bbox 208 2069 342 2121; x_wconf 88' lang='lat' dir='ltr'><strong>tencatur</strong></span> <span class='ocrx_word' id='word_1_184' title='bbox 356 2062 520 2122; x_wconf 83' lang='lat' dir='ltr'><strong>carceribus</strong></span> <span class='ocrx_word' id='word_1_185' title='bbox 534 2063 668 2133; x_wconf 87' lang='lat' dir='ltr'><strong>clausus,</strong></span> <span class='ocrx_word' id='word_1_186' title='bbox 681 2063 780 2122; x_wconf 76' lang='lat' dir='ltr'><strong>exactis</strong></span> <span class='ocrx_word' id='word_1_187' title='bbox 794 2074 891 2122; x_wconf 86' lang='lat' dir='ltr'><strong>tamen</strong></span> <span class='ocrx_word' id='word_1_188' title='bbox 906 2058 1033 2136; x_wconf 77' lang='lat' dir='ltr'><strong>djudice</strong></span> <span class='ocrx_word' id='word_1_189' title='bbox 1045 2059 1170 2138; x_wconf 84' lang='lat' dir='ltr'><strong>promis·</strong></span> 
     </span>
     <span class='ocr_line' id='line_1_23' title="bbox 163 2143 1170 2224; baseline -0.002 -18"><span class='ocrx_word' id='word_1_190' title='bbox 163 2147 263 2216; x_wconf 87' lang='lat' dir='ltr'><strong>sione,</strong></span> <span class='ocrx_word' id='word_1_191' title='bbox 277 2154 309 2205; x_wconf 89' lang='lat' dir='ltr'><strong>ut</strong></span> <span class='ocrx_word' id='word_1_192' title='bbox 329 2146 353 2205; x_wconf 87' lang='lat' dir='ltr'><strong>si</strong></span> <span class='ocrx_word' id='word_1_193' title='bbox 372 2145 447 2207; x_wconf 77' lang='lat' dir='ltr'><strong>torte</strong></span> <span class='ocrx_word' id='word_1_194' title='bbox 467 2148 637 2207; x_wconf 77' lang='lat' dir='ltr'><strong>vulneratus</strong></span> <span class='ocrx_word' id='word_1_195' title='bbox 656 2147 748 2206; x_wconf 85' lang='lat' dir='ltr'><strong>vitam</strong></span> <span class='ocrx_word' id='word_1_196' title='bbox 763 2155 902 2224; x_wconf 83' lang='lat' dir='ltr'><strong>proroget</strong></span> <span class='ocrx_word' id='word_1_197' title='bbox 914 2146 991 2204; x_wconf 88' lang='lat' dir='ltr'><strong>ultra</strong></span> <span class='ocrx_word' id='word_1_198' title='bbox 1003 2154 1119 2221; x_wconf 89' lang='lat' dir='ltr'><strong>tempus</strong></span> <span class='ocrx_word' id='word_1_199' title='bbox 1132 2143 1170 2204; x_wconf 90' lang='lat' dir='ltr'><strong>de</strong></span> 
     </span>
     <span class='ocr_line' id='line_1_24' title="bbox 68 2229 1168 2309; baseline -0.004 -18"><span class='ocrx_word' id='word_1_200' title='bbox 68 2301 72 2305; x_wconf 15' lang='lat'><strong>¹</strong></span> <span class='ocrx_word' id='word_1_201' title='bbox 164 2229 323 2291; x_wconf 90' lang='lat' dir='ltr'><strong>homicidio</strong></span> <span class='ocrx_word' id='word_1_202' title='bbox 349 2232 572 2309; x_wconf 85' lang='lat' dir='ltr'><strong>praescriptum,</strong></span> <span class='ocrx_word' id='word_1_203' title='bbox 597 2232 734 2290; x_wconf 83' lang='lat' dir='ltr'><strong>restituat</strong></span> <span class='ocrx_word' id='word_1_204' title='bbox 756 2232 841 2290; x_wconf 87' lang='lat' dir='ltr'><strong>illum</strong></span> <span class='ocrx_word' id='word_1_205' title='bbox 864 2230 1015 2304; x_wconf 81' lang='lat' dir='ltr'><strong>Ecclesiae3</strong></span> <span class='ocrx_word' id='word_1_206' title='bbox 1035 2230 1168 2305; x_wconf 88' lang='lat' dir='ltr'><strong>alioquin</strong></span> 
     </span>
     <span class='ocr_line' id='line_1_25' title="bbox 163 2311 1170 2393; baseline -0.005 -16"><span class='ocrx_word' id='word_1_207' title='bbox 163 2318 296 2377; x_wconf 87' lang='lat' dir='ltr'><strong>incurrat</strong></span> <span class='ocrx_word' id='word_1_208' title='bbox 313 2313 441 2392; x_wconf 73' lang='lat' dir='ltr'><strong>proenasb</strong></span> <span class='ocrx_word' id='word_1_209' title='bbox 456 2313 566 2376; x_wconf 82' lang='lat' dir='ltr'><strong>Be&#39;ncd.</strong></span> <span class='ocrx_word' id='word_1_210' title='bbox 580 2316 675 2376; x_wconf 86' lang='lat' dir='ltr'><em>XIII.</em></span> <span class='ocrx_word' id='word_1_211' title='bbox 689 2317 718 2374; x_wconf 92' lang='lat' dir='ltr'><strong>iu</strong></span> <span class='ocrx_word' id='word_1_212' title='bbox 731 2313 929 2393; x_wconf 82' lang='lat' dir='ltr'><strong>persimillbus</strong></span> <span class='ocrx_word' id='word_1_213' title='bbox 944 2314 1057 2373; x_wconf 88' lang='lat' dir='ltr'><strong>casibus</strong></span> <span class='ocrx_word' id='word_1_214' title='bbox 1069 2313 1106 2371; x_wconf 89' lang='lat' dir='ltr'><strong>de</strong></span> <span class='ocrx_word' id='word_1_215' title='bbox 1116 2311 1170 2372; x_wconf 92' lang='lat' dir='ltr'><strong>bo-</strong></span> 
     </span>
     <span class='ocr_line' id='line_1_26' title="bbox 163 2398 1167 2469; baseline -0.003 -9"><span class='ocrx_word' id='word_1_216' title='bbox 163 2399 278 2460; x_wconf 85' lang='lat' dir='ltr'><strong>micidis</strong></span> <span class='ocrx_word' id='word_1_217' title='bbox 303 2398 367 2459; x_wconf 89' lang='lat' dir='ltr'><strong>leco</strong></span> <span class='ocrx_word' id='word_1_218' title='bbox 390 2417 471 2459; x_wconf 89' lang='lat' dir='ltr'><strong>saera</strong></span> <span class='ocrx_word' id='word_1_219' title='bbox 494 2400 648 2469; x_wconf 79' lang='lat' dir='ltr'><strong>extractis,</strong></span> <span class='ocrx_word' id='word_1_220' title='bbox 672 2408 702 2459; x_wconf 89' lang='lat' dir='ltr'><strong>et</strong></span> <span class='ocrx_word' id='word_1_221' title='bbox 730 2416 790 2458; x_wconf 90' lang='lat' dir='ltr'><strong>nen</strong></span> <span class='ocrx_word' id='word_1_222' title='bbox 822 2398 966 2457; x_wconf 88' lang='lat' dir='ltr'><strong>restitutis</strong></span> <span class='ocrx_word' id='word_1_223' title='bbox 985 2398 1167 2457; x_wconf 89' lang='lat' dir='ltr'><strong>constitutas.</strong></span> 
     </span>
     <span class='ocr_line' id='line_1_27' title="bbox 102 2481 1169 2564; baseline -0.002 -21"><span class='ocrx_word' id='word_1_224' title='bbox 102 2554 105 2560; x_wconf 27' lang='lat'>¹</span> <span class='ocrx_word' id='word_1_225' title='bbox 163 2481 291 2544; x_wconf 83' lang='lat' dir='ltr'><strong>Demdm</strong></span> <span class='ocrx_word' id='word_1_226' title='bbox 304 2482 501 2562; x_wconf 76' lang='lat' dir='ltr'><strong>privationem</strong></span> <span class='ocrx_word' id='word_1_227' title='bbox 519 2484 700 2564; x_wconf 70' lang='lat' dir='ltr'><strong>sepulturae,</strong></span> <span class='ocrx_word' id='word_1_228' title='bbox 723 2501 814 2561; x_wconf 85' lang='lat' dir='ltr'><strong>quam</strong></span> <span class='ocrx_word' id='word_1_229' title='bbox 830 2486 988 2541; x_wconf 90' lang='lat' dir='ltr'><strong>incurrunt</strong></span> <span class='ocrx_word' id='word_1_230' title='bbox 1006 2482 1169 2541; x_wconf 79' lang='lat' dir='ltr'><strong>duellantes</strong></span> 
     </span>
     <span class='ocr_line' id='line_1_28' title="bbox 164 2566 1173 2640; baseline -0.003 -13"><span class='ocrx_word' id='word_1_231' title='bbox 164 2569 195 2627; x_wconf 85' lang='lat' dir='ltr'><strong>ln</strong></span> <span class='ocrx_word' id='word_1_232' title='bbox 217 2569 366 2628; x_wconf 83' lang='lat' dir='ltr'><strong>sanctione</strong></span> <span class='ocrx_word' id='word_1_233' title='bbox 379 2569 564 2640; x_wconf 83' lang='lat' dir='ltr'><strong>Tridentini,</strong></span> <span class='ocrx_word' id='word_1_234' title='bbox 584 2569 712 2628; x_wconf 85' lang='lat' dir='ltr'><strong>declarat</strong></span> <span class='ocrx_word' id='word_1_235' title='bbox 733 2566 851 2638; x_wconf 80' lang='lat' dir='ltr'><strong>incurri¹</strong></span> <span class='ocrx_word' id='word_1_236' title='bbox 865 2566 954 2625; x_wconf 85' lang='lat' dir='ltr'><strong>etiam</strong></span> <span class='ocrx_word' id='word_1_237' title='bbox 968 2576 1037 2625; x_wconf 81' lang='lat' dir='ltr'><strong>ante</strong></span> <span class='ocrx_word' id='word_1_238' title='bbox 1052 2575 1173 2625; x_wconf 85' lang='lat' dir='ltr'><strong>senten·</strong></span> 
     </span>
     <span class='ocr_line' id='line_1_29' title="bbox 163 2649 1170 2729; baseline -0.004 -17"><span class='ocrx_word' id='word_1_239' title='bbox 163 2653 234 2712; x_wconf 89' lang='lat' dir='ltr'><strong>tium</strong></span> <span class='ocrx_word' id='word_1_240' title='bbox 247 2651 377 2729; x_wconf 81' lang='lat' dir='ltr'><strong>judicis,</strong></span> <span class='ocrx_word' id='word_1_241' title='bbox 392 2652 416 2711; x_wconf 88' lang='lat' dir='ltr'><strong>si</strong></span> <span class='ocrx_word' id='word_1_242' title='bbox 428 2652 503 2714; x_wconf 78' lang='lat' dir='ltr'><strong>Inrtd</strong></span> <span class='ocrx_word' id='word_1_243' title='bbox 518 2652 642 2713; x_wconf 58' lang='lat' dir='ltr'><strong>‘decedat</strong></span> <span class='ocrx_word' id='word_1_244' title='bbox 657 2654 746 2712; x_wconf 88' lang='lat' dir='ltr'><strong>etiem</strong></span> <span class='ocrx_word' id='word_1_245' title='bbox 762 2661 843 2711; x_wconf 81' lang='lat' dir='ltr'><strong>extra</strong></span> <span class='ocrx_word' id='word_1_246' title='bbox 858 2649 955 2710; x_wconf 91' lang='lat' dir='ltr'><strong>lecum</strong></span> <span class='ocrx_word' id='word_1_247' title='bbox 970 2649 1122 2710; x_wconf 76' lang='lat' dir='ltr'><strong>conflictus</strong></span> <span class='ocrx_word' id='word_1_248' title='bbox 1133 2667 1170 2709; x_wconf 81' lang='lat' dir='ltr'><strong>ex</strong></span> 
     </span>
     <span class='ocr_line' id='line_1_30' title="bbox 163 2734 1170 2815; baseline -0.002 -20"><span class='ocrx_word' id='word_1_249' title='bbox 163 2737 286 2795; x_wconf 88' lang='lat' dir='ltr'><strong>rulnere</strong></span> <span class='ocrx_word' id='word_1_250' title='bbox 303 2735 336 2795; x_wconf 84' lang='lat' dir='ltr'><strong>in</strong></span> <span class='ocrx_word' id='word_1_251' title='bbox 359 2735 458 2796; x_wconf 88' lang='lat' dir='ltr'><strong>duella</strong></span> <span class='ocrx_word' id='word_1_252' title='bbox 472 2736 589 2810; x_wconf 86' lang='lat' dir='ltr'><strong>publico</strong></span> <span class='ocrx_word' id='word_1_253' title='bbox 600 2780 609 2812; x_wconf 90' lang='lat'>‚</span> <span class='ocrx_word' id='word_1_254' title='bbox 622 2738 669 2796; x_wconf 84' lang='lat' dir='ltr'><strong>rel</strong></span> <span class='ocrx_word' id='word_1_255' title='bbox 689 2737 805 2815; x_wconf 83' lang='lat' dir='ltr'><strong>privato</strong></span> <span class='ocrx_word' id='word_1_256' title='bbox 825 2743 959 2813; x_wconf 83' lang='lat' dir='ltr'><strong>recepte,</strong></span> <span class='ocrx_word' id='word_1_257' title='bbox 972 2734 1086 2793; x_wconf 87' lang='lat' dir='ltr'><strong>etiamsi</strong></span> <span class='ocrx_word' id='word_1_258' title='bbox 1098 2743 1170 2793; x_wconf 81' lang='lat' dir='ltr'><strong>ante</strong></span> 
     </span>
     <span class='ocr_line' id='line_1_31' title="bbox 164 2816 1168 2900; baseline -0.002 -23"><span class='ocrx_word' id='word_1_259' title='bbox 164 2828 290 2879; x_wconf 88' lang='lat' dir='ltr'><strong>mortem</strong></span> <span class='ocrx_word' id='word_1_260' title='bbox 312 2827 389 2878; x_wconf 87' lang='lat' dir='ltr'><strong>certa</strong></span> <span class='ocrx_word' id='word_1_261' title='bbox 409 2820 491 2897; x_wconf 77' lang='lat' dir='ltr'><strong>signa</strong></span> <span class='ocrx_word' id='word_1_262' title='bbox 508 2822 690 2900; x_wconf 81' lang='lat' dir='ltr'><strong>poenitentiae</strong></span> <span class='ocrx_word' id='word_1_263' title='bbox 709 2820 843 2890; x_wconf 83' lang='lat' dir='ltr'><strong>dederit,</strong></span> <span class='ocrx_word' id='word_1_264' title='bbox 861 2828 892 2877; x_wconf 87' lang='lat' dir='ltr'><strong>ct</strong></span> <span class='ocrx_word' id='word_1_265' title='bbox 913 2818 1129 2877; x_wconf 89' lang='lat' dir='ltr'><strong>absolutionem</strong></span> <span class='ocrx_word' id='word_1_266' title='bbox 1149 2816 1168 2875; x_wconf 82' lang='grc' dir='ltr'><strong>ιἰ·</strong></span> 
     </span>
     <span class='ocr_line' id='line_1_32' title="bbox 162 2903 1165 2985; baseline -0.006 -20"><span class='ocrx_word' id='word_1_267' title='bbox 162 2905 478 2981; x_wconf 83' lang='lat' dir='ltr'><strong>censurisobtinuerit,</strong></span> <span class='ocrx_word' id='word_1_268' title='bbox 489 2925 542 2968; x_wconf 89' lang='lat' dir='ltr'><strong>nec</strong></span> <span class='ocrx_word' id='word_1_269' title='bbox 553 2905 713 2985; x_wconf 88' lang='lat' dir='ltr'><strong>dispensari</strong></span> <span class='ocrx_word' id='word_1_270' title='bbox 727 2907 761 2966; x_wconf 80' lang='lat' dir='ltr'><strong>ed</strong></span> <span class='ocrx_word' id='word_1_271' title='bbox 771 2905 803 2965; x_wconf 90' lang='lat' dir='ltr'><strong>in</strong></span> <span class='ocrx_word' id='word_1_272' title='bbox 822 2920 855 2964; x_wconf 90' lang='lat' dir='ltr'><strong>re</strong></span> <span class='ocrx_word' id='word_1_273' title='bbox 872 2903 908 2964; x_wconf 89' lang='lat' dir='ltr'><strong>ab</strong></span> <span class='ocrx_word' id='word_1_274' title='bbox 919 2904 1069 2981; x_wconf 88' lang='lat' dir='ltr'><strong>Episcopis</strong></span> <span class='ocrx_word' id='word_1_275' title='bbox 1083 2918 1165 2979; x_wconf 85' lang='lat' dir='ltr'><strong>posse</strong></span> 
     </span>
     <span class='ocr_line' id='line_1_33' title="bbox 162 2989 301 3051; baseline -0.007 -4"><span class='ocrx_word' id='word_1_276' title='bbox 162 2989 301 3051; x_wconf 86' lang='lat' dir='ltr'><strong>decernit.</strong></span> 
     </span>
    </p>
   </div>
   <div class='ocr_carea' id='block_1_3' title="bbox 574 3154 756 3217">
    <p class='ocr_par' dir='ltr' id='par_1_5' title="bbox 574 3154 756 3217">
     <span class='ocr_line' id='line_1_34' title="bbox 574 3154 756 3217; baseline -0.005 -5"><span class='ocrx_word' id='word_1_277' title='bbox 574 3154 756 3217; x_wconf 71' lang='lat' dir='ltr'><strong>ecclesia.</strong></span> 
     </span>
    </p>
   </div>
   <div class='ocr_carea' id='block_1_4' title="bbox 161 3319 1167 3651">
    <p class='ocr_par' dir='ltr' id='par_1_6' title="bbox 161 3319 1167 3564">
     <span class='ocr_line' id='line_1_35' title="bbox 200 3319 1167 3401; baseline -0.001 -21"><span class='ocrx_word' id='word_1_278' title='bbox 200 3324 233 3380; x_wconf 87' lang='lat' dir='ltr'><strong>ln</strong></span> <span class='ocrx_word' id='word_1_279' title='bbox 244 3323 383 3383; x_wconf 79' lang='lat' dir='ltr'><strong>&#39;EcclesiIs</strong></span> <span class='ocrx_word' id='word_1_280' title='bbox 399 3322 548 3383; x_wconf 88' lang='lat' dir='ltr'><strong>ruralibus</strong></span> <span class='ocrx_word' id='word_1_281' title='bbox 561 3321 720 3401; x_wconf 83' lang='lat' dir='ltr'><strong>parochiali</strong></span> <span class='ocrx_word' id='word_1_282' title='bbox 742 3321 970 3399; x_wconf 80' lang='lat' dir='ltr'><strong>proximioribus</strong></span> <span class='ocrx_word' id='word_1_283' title='bbox 983 3329 1082 3380; x_wconf 85' lang='lat' dir='ltr'><strong>caveat</strong></span> <span class='ocrx_word' id='word_1_284' title='bbox 1096 3319 1167 3397; x_wconf 83' lang='lat' dir='ltr'><strong>Epi·</strong></span> 
     </span>
     <span class='ocr_line' id='line_1_36' title="bbox 161 3403 1164 3486; baseline 0 -24"><span class='ocrx_word' id='word_1_285' title='bbox 161 3421 283 3482; x_wconf 84' lang='lat' dir='ltr'><strong>scopus,</strong></span> <span class='ocrx_word' id='word_1_286' title='bbox 306 3425 344 3466; x_wconf 91' lang='lat' dir='ltr'><strong>ne</strong></span> <span class='ocrx_word' id='word_1_287' title='bbox 364 3410 534 3486; x_wconf 84' lang='lat' dir='ltr'><strong>permittat,</strong></span> <span class='ocrx_word' id='word_1_288' title='bbox 552 3418 584 3468; x_wconf 86' lang='lat' dir='ltr'><strong>ut</strong></span> <span class='ocrx_word' id='word_1_289' title='bbox 599 3409 686 3467; x_wconf 85' lang='lat' dir='ltr'><strong>missa</strong></span> <span class='ocrx_word' id='word_1_290' title='bbox 705 3407 868 3467; x_wconf 88' lang='lat' dir='ltr'><strong>celebretur</strong></span> <span class='ocrx_word' id='word_1_291' title='bbox 881 3403 1164 3483; x_wconf 83' lang='lat' dir='ltr'><strong>anteparoehiulem,</strong></span> 
     </span>
     <span class='ocr_line' id='line_1_37' title="bbox 163 3488 1027 3564; baseline 0.003 -20"><span class='ocrx_word' id='word_1_292' title='bbox 163 3488 313 3564; x_wconf 80' lang='lat' dir='ltr'><strong>Eurydica</strong></span> <span class='ocrx_word' id='word_1_293' title='bbox 328 3492 396 3551; x_wconf 82' lang='lat' dir='ltr'><strong>Etsi</strong></span> <span class='ocrx_word' id='word_1_294' title='bbox 412 3490 546 3553; x_wconf 62' lang='lat' dir='ltr'><strong>miratore.</strong></span> <span class='ocrx_word' id='word_1_295' title='bbox 1021 3543 1027 3547; x_wconf 84' lang='lat'><em>.</em></span> 
     </span>
    </p>

    <p class='ocr_par' dir='ltr' id='par_1_7' title="bbox 201 3570 1164 3651">
     <span class='ocr_line' id='line_1_38' title="bbox 201 3570 1164 3651; baseline 0.006 -25"><span class='ocrx_word' id='word_1_296' title='bbox 201 3570 327 3629; x_wconf 79' lang='lat' dir='ltr'><strong>Ecclesia</strong></span> <span class='ocrx_word' id='word_1_297' title='bbox 345 3573 555 3651; x_wconf 75' lang='lat' dir='ltr'><strong>paroehialis-si</strong></span> <span class='ocrx_word' id='word_1_298' title='bbox 573 3574 649 3636; x_wconf 74' lang='lat' dir='ltr'><strong>lorti</strong></span> <span class='ocrx_word' id='word_1_299' title='bbox 668 3576 837 3649; x_wconf 83' lang='lat' dir='ltr'><strong>corruerit,</strong></span> <span class='ocrx_word' id='word_1_300' title='bbox 852 3577 900 3634; x_wconf 91' lang='lat' dir='ltr'><strong>rel</strong></span> <span class='ocrx_word' id='word_1_301' title='bbox 917 3574 1103 3651; x_wconf 86' lang='lat' dir='ltr'><strong>reparatione</strong></span> <span class='ocrx_word' id='word_1_302' title='bbox 1118 3572 1164 3632; x_wconf 89' lang='lat' dir='ltr'><strong>iu·</strong></span> 
     </span>
    </p>
   </div>
   <div class='ocr_carea' id='block_1_5' title="bbox 0 0 1326 4167">
    <p class='ocr_par' dir='ltr' id='par_1_8' title="bbox 0 0 1326 4167">
     <span class='ocr_line' id='line_1_39' title="bbox 0 0 1326 4167; baseline 0 1"><span class='ocrx_word' id='word_1_303' title='bbox 0 0 1326 4167; x_wconf 95' lang='lat' dir='ltr'><strong> </strong></span> 
     </span>
    </p>
   </div>
  </div>
 </body>
</html>
