2642 4167
153 229 193 289 ιι
430 218 542 283 Procris
557 219 742 301 confessarii.
761 221 833 306 Cop.
847 226 876 287 2.

154 336 198 389 est
210 325 351 405 mentio),
370 328 441 384 tuno
459 322 549 382 satius
565 330 609 383 est
623 322 786 385 occasiones
799 335 916 404 captare
939 326 1058 389 iniamid
1071 334 1157 389 noto·

154 421 218 472 tum
236 407 373 471 laudandi
386 407 418 467 in
435 407 532 483 aliqua
551 406 614 489 ejus
630 407 762 481 virtute,
781 418 815 469 ut
827 428 896 470 cum
914 411 946 470 in
963 411 1072 472 bonam
1088 413 1159 473 alio·

153 514 222 556 rum
235 493 404 572 opinionem
417 500 525 569 ponat,
536 490 625 568 quim
639 493 671 551 in
683 494 857 553 memoriam
871 509 1009 556 rovocare
1020 513 1067 556 res
1083 515 1158 575 prae·

153 581 254 639 teritus
264 576 317 638 hie
330 577 415 637 famae
427 576 624 636 restitutione.
635 577 831 636 eonscssarms
842 589 980 655 procuret
991 625 999 651 ,
1010 590 1045 638 ut
1058 579 1159 658 hujus·

152 660 232 724 modi
254 662 339 722 famae
354 659 626 739 compensationcs,
650 657 718 720 crim
741 661 895 720 commode
919 662 983 722 fieri
1009 672 1155 741 possunt,

153 754 222 805 ante
239 745 454 805 absolutionem
471 743 561 818 fiant,
575 744 642 823 quia
656 755 755 823 postea
768 745 925 804 difficulter
938 745 1155 825 adimplenturt

152 828 221 890 lieet
238 828 285 888 hae
297 829 396 888 minus
406 827 586 887 difficultatis
600 826 744 898 habeant,
756 828 843 907 quiam
855 831 985 905 pecuniae
996 831 1154 890 restitutio.

152 914 287 989 Denique
308 910 355 972 hic
375 912 543 971 advertatur
564 912 644 989 qrrdd
667 914 793 990 proximi
812 913 951 973 delictum
975 915 1156 991 patefacere,

152 1005 224 1058 tune
237 994 358 1075 proprid
372 996 513 1056 detractio
531 996 656 1067 dicitur,
675 1007 705 1056 et
723 1006 767 1056 est
785 1009 956 1074 peccatum,
977 996 1044 1057 caim
1058 997 1159 1057 inten-

153 1081 253 1151 ditur,
266 1090 300 1140 ut
320 1082 362 1139 ait
380 1081 412 1142 S.
433 1079 559 1141 Tdomos
577 1082 619 1159 (ι.
635 1085 663 1140 2.
681 1099 711 1162 q.
726 1083 776 1142 ts.
790 1100 820 1140 o.
835 1082 894 1161 2),
911 1083 1017 1141 samam
1036 1083 1160 1142 alterius

151 1164 325 1243 denigrare,
337 1182 396 1224 non
407 1174 505 1225 autem
515 1164 582 1225 edm
594 1166 758 1225 intenditur
766 1165 884 1242 aliquod
896 1165 1037 1224 damnum
1046 1166 1158 1238 vitare,

152 1257 186 1308 ut
206 1259 281 1309 esset
302 1259 455 1327 parcnteS,
473 1250 649 1322 dominum,
671 1251 824 1329 proelatum
838 1250 976 1310 certiores
994 1250 1106 1321 iacere,
1120 1261 1159 1313 ut

150 1350 219 1392 reus
237 1334 428 1405 emendetur,
450 1343 501 1394 aut
519 1336 645 1396 aliorum
663 1336 771 1395 damno
784 1335 964 1394 consulatur.
975 1333 1061 1395 uodo
1077 1335 1159 1396 iliius

150 1416 292 1478 damnum
307 1429 381 1479 esset
393 1420 491 1500 magni
508 1420 649 1480 momenti
663 1464 672 1491 ,
686 1430 737 1479 aut
752 1418 839 1496 longe
851 1419 949 1477 minus
962 1418 1069 1477 damno
1082 1420 1159 1478 insa·

150 1500 1155 1582 midnotati.0bserveturidquodhabeturinOpereidid.lr.n.968.).

189 1590 238 1649 ut.
263 1591 345 1650 Circa
368 1590 502 1650 debitum
528 1590 700 1650 restituendi
726 1589 813 1648 alicui
838 1587 981 1647 honorem
1003 1587 1156 1661 ablatum,

111 1697 116 1704 ·
149 1681 273 1753 propter
293 1675 501 1735 contumetiam
523 1676 551 1735 ei
571 1675 747 1753 irrogatam,
760 1672 823 1751 jam
846 1681 943 1731 aetram
964 1680 1009 1730 est
1029 1671 1060 1730 in
1080 1690 1158 1749 prae·

55 1798 59 1804 -
149 1768 235 1840 cepto
247 1759 285 1817 V.
301 1778 333 1818 o.
351 1761 399 1819 56.
416 1760 450 1820 in
469 1758 525 1818 hoo
545 1768 692 1837 praecepto
711 1760 792 1816 vtu.
808 1755 872 1814 DD.
896 1756 984 1814 ctiam
1005 1766 1095 1832 agunt
1117 1756 1158 1817 de

147 1840 267 1919 judiciis
289 1843 464 1904 temerariis.
475 1845 560 1904 Multi
580 1844 670 1904 rudes
682 1862 713 1903 se
725 1850 908 1902 accusantse
919 1839 994 1900 malci
1008 1842 1045 1901 de
1056 1842 1157 1918 atiquo

149 1926 285 1988 sensisse.
309 1928 343 1986 ln
366 1926 422 1987 hoc
444 1945 518 2005 opus
539 1938 582 1987 est
605 1929 779 1994 advertere,
803 1928 833 1985 ι.
848 1924 933 1998 Qudd
952 1922 1020 1984 edm
1043 1925 1155 1985 motiva

148 2007 323 2069 sufficientia
336 2011 442 2072 adsunt
459 2015 500 2071 sic
508 2011 660 2090 judicandi
672 2012 709 2071 de
723 2012 822 2088 aliquo
833 2011 908 2069 sacto
918 2052 926 2079 ,
935 2007 1079 2084 judicium
1091 2026 1155 2068 non

148 2099 195 2152 est
213 2095 425 2167 temerarium,
446 2096 496 2156 sed
514 2095 649 2173 justum,
673 2102 703 2154 et
725 2103 879 2172 propterea
902 2093 989 2169 culpa
1011 2100 1098 2151 caret.
1119 2094 1152 2152 ἓ.

147 2174 234 2249 Qudd
255 2177 430 2259 pierumque
447 2179 509 2241 haec
527 2199 587 2241 non
607 2188 678 2240 sunt
695 2176 886 2255 judicia,sed
906 2175 1101 2253 suspiciones,
1118 2175 1151 2233 in

147 2277 220 2337 qtrus
240 2261 372 2336 domini,
395 2271 426 2324 et
444 2265 666 2343 patresfamilias
688 2260 845 2340 aliquando
870 2266 1008 2320 tenentur
1032 2259 1153 2329 induci,

146 2354 182 2405 ut
205 2346 324 2425 aliquod
344 2360 493 2426 peceatum
514 2349 693 2427 impediant,
706 2366 752 2408 ex.
764 2367 792 2424 g.
811 2364 848 2407 no
861 2345 937 2405 servi
951 2345 1102 2415 furentur,
1114 2362 1155 2403 oe

146 2430 216 2492 filiae
236 2443 356 2511 peccent
376 2453 443 2494 cum
464 2435 536 2494 viris
548 2434 712 2503 versando,
737 2442 794 2491 cte.
812 2427 1030 2491 Tantummodo
1053 2444 1102 2485 eos
1114 2427 1155 2487 de

145 2515 202 2577 hoc
225 2527 360 2590 moneat,
376 2536 415 2578 ne
431 2515 601 2595 hujusmodi
622 2516 800 2595 suspiciones
816 2516 881 2574 sine
901 2513 1070 2572 necessitate
1081 2527 1152 2571 cum

147 2607 210 2667 aliis
228 2604 388 2664 conferant.

184 2688 409 2767 enumquam
429 2696 503 2747 esset
522 2705 691 2749 sermonem
709 2687 805 2746 iacere
823 2685 860 2744 de
883 2681 1036 2762 praeceptis
1053 2678 1153 2738 Eccle-

145 2774 216 2845 siae,
235 2770 287 2831 sed
303 2771 340 2829 de
361 2770 417 2841 iis,
438 2789 544 2851 nempe
562 2777 601 2832 de
619 2771 798 2849 obiigatione
815 2765 953 2827 audiendi
968 2763 1085 2823 missam
1098 2804 1107 2831 ,
1119 2768 1152 2821 et

146 2861 184 2920 de
202 2874 262 2917 non
285 2854 445 2914 laborando
462 2856 511 2915 die
526 2854 692 2932 sesto,jam
714 2856 783 2913 sutis
805 2850 892 2929 supra
911 2850 1039 2910 diximus
1050 2865 1082 2905 π.
1099 2846 1150 2907 52.

144 2951 174 3004 et
185 2942 235 3003 55.
249 2940 331 3000 Circa
352 2936 500 3015 jejunium
522 2949 641 3013 autem,
663 2939 719 2998 tria
741 2940 772 2997 in
792 2933 957 2997 confessarii
977 2929 1154 2991 memoriam

145 3042 328 3089 revocamus.
349 3025 374 3082 1.
397 3027 464 3084 Non
488 3042 589 3083 omnes
609 3024 722 3083 labores
744 3039 882 3082 excusare
904 3018 921 3077 i
940 3015 1076 3094 Jejunio,
1098 3011 1153 3107 sed

145 3130 195 3174 cos
215 3111 375 3178 duntaxat,
390 3110 441 3187 qui
462 3109 586 3168 multam
598 3109 731 3187 corporis
743 3106 930 3185 agitationem
943 3105 1061 3193 causant
1070 3094 1150 3191 (Lab.

145 3198 176 3258 d.
195 3215 228 3255 se.
247 3193 358 3271 tuot).
369 3194 407 3251 ΙΙ.
426 3192 581 3270 Operarios
593 3192 630 3251 iis
643 3192 712 3250 solis
726 3191 830 3250 diebus
845 3185 974 3247 excusari
986 3182 1003 3241 d
1016 3180 1152 3259 jejumo,

145 3284 176 3340 in
201 3278 308 3356 quibus
334 3286 399 3336 ootu
422 3275 577 3348 laborant,
598 3284 649 3335 aut
672 3273 739 3335 cirm
760 3281 879 3352 sperant
900 3267 1024 3330 crastind
1046 3264 1095 3323 die
1108 3280 1151 3358 ‘se

144 3362 327 3423 laboraturos
337 3405 345 3428 ,
357 3369 387 3421 ct
399 3378 459 3420 non
478 3379 559 3439 posse
572 3359 628 3419 nisi
645 3360 693 3419 dio
705 3356 880 3437 praecedenti
893 3351 1046 3414 comedant
1056 3344 1150 3424 tried.

143 3446 453 3521 o.tutt.).111.rt0n
472 3445 604 3503 sufficere
624 3444 661 3503 ad
677 3442 793 3520 jejunio
813 3435 1049 3501 satisfaciendum
1065 3439 1152 3526 extra

144 3528 303 3607 prandium
317 3535 347 3586 et
362 3546 476 3588 emnam
490 3546 550 3586 non
563 3528 734 3597 comedere,
751 3534 803 3585 aut
814 3520 935 3603 vespere
948 3520 1048 3613 miuus
1059 3513 1153 3575 sohte

144 3628 281 3688 coenare,
302 3619 337 3671 ut
357 3610 430 3673 falso
453 3612 540 3673 multi
564 3610 710 3690 eredunt3
731 3609 881 3689 jejunium
902 3605 984 3666 enim
1006 3604 1155 3676 tmporlat
