2642 4167
168 186 226 251 idi
356 182 494 265 spiratis
508 181 649 244 diatim
664 179 786 244 momls's
807 189 836 244 et
855 186 1003 245 senonicae

167 280 256 353 'stiam
273 288 306 349 io
320 275 547 349 mansuariis
563 284 754 364 degentibus,
766 283 1063 363 anniversariae
1075 282 1184 346 besee

166 373 223 443 tis,
242 371 416 432 infirmitate
435 384 469 431 ac
484 379 636 430 senectute
652 369 821 447 impeditis,
835 369 973 429 erunibus
984 368 1075 428 etiam
1088 386 1182 447 regns

166 456 278 518 loribus
291 454 411 519 loculus
424 453 512 515 (latur
522 455 560 515 ad
569 452 650 514 isone
659 453 816 528 olfactum,
831 462 865 513 ut
877 454 988 531 possint
1000 454 1055 513 sibi
1068 455 1182 531 eligere
1288 450 1289 531 ζ

166 539 199 602 itt
218 539 448 606 contessorium,
470 538 533 597 sive
553 538 745 616 presbyteros
767 536 935 605 saeculares,
947 537 1010 596 sive
1027 538 1180 613 regulares
1288 548 1289 553 ’

166 622 376 701 cujuscumque
399 621 513 683 ordinis
534 621 570 682 sd
592 622 788 681 confessiones
809 622 991 682 winierium
1015 621 1181 682 audiendas

164 704 392 787 approbutcsad
409 706 517 783 tpuibss
536 704 646 764 absolvi
663 715 783 783 possunt
796 704 813 764 b
828 709 982 765 reservatis
996 708 1086 766 mam
1104 725 1179 785 apo·

168 793 278 852 stolieai
294 791 382 860 Sedl,
399 798 430 849 et
447 791 477 849 ib
498 788 580 849 bullii
604 790 711 849 Coria.
726 789 798 848 Vult
819 799 940 859 temen,
960 801 993 849 ut
1009 792 1040 850 in
1058 803 1179 850 career-e

167 876 298 943 detenti,
320 890 447 952 quorum
468 873 638 932 criminales
655 886 748 931 causo
769 872 901 932 nondum
921 875 1066 935 conclusoe
1085 880 1176 944 sunt,

167 967 343 1021 moneantur
367 957 405 1017 de
425 956 625 1033 obligatione,
644 958 704 1034 qud
728 961 884 1023 tenentur,
898 957 1049 1033 judicibus
1065 961 1178 1019 secula

166 1046 247 1106 ribus
265 1039 393 1120 juridici
412 1041 667 1118 interrogantibus
690 1042 842 1099 veritatem
861 1042 994 1118 aperire:

204 1128 276 1189 Vult
288 1122 395 1192 etlam,
408 1134 443 1187 ut
459 1124 624 1184 euulesarrii
638 1124 681 1183 illi
698 1123 713 1183 i
727 1125 924 1194 monialibus,
944 1126 1080 1196 Oblatis,
1096 1127 1179 1187 aliis··

166 1228 224 1290 que
240 1211 346 1288 puellis
368 1207 543 1285 supradictis
564 1206 669 1277 electi,
690 1210 800 1285 possint
825 1209 1044 1286 dispensarem
1065 1213 1140 1271 votis
1158 1211 1178 1273 ia

166 1295 344 1357 monialibus
365 1291 479 1353 omissis
502 1301 568 1369 post
590 1292 823 1371 professionem,
839 1312 966 1370 quorum
989 1295 1177 1355 observantia

166 1395 234 1438 eum
246 1378 426 1457 professione
436 1375 572 1453 religiosi
584 1378 721 1454 componi
735 1387 839 1454 potest.
851 1378 954 1450 Quoad
965 1378 1035 1439 rcrb
1051 1382 1179 1440 novitias

165 1462 351 1532 eduondas,
377 1461 453 1519 sicut
475 1468 505 1518 et
529 1458 624 1536 quoad
642 1460 801 1518 'sortiarias
816 1504 825 1530 ,
841 1471 871 1520 et
896 1464 927 1520 in
951 1464 1178 1523 conservatoriis

166 1544 322 1622 degentes,
340 1544 472 1605 concedit
482 1570 494 1614 ,1
513 1552 547 1601 ut
566 1544 679 1620 possint
699 1545 867 1604 malissimi
886 1546 1054 1623 dispensare
1077 1548 1174 1627 quand

167 1640 256 1699 vota,
276 1630 363 1688 aiam
381 1628 478 1705 jurata
491 1669 499 1699 ,
513 1629 653 1705 ⁴exeeptis
669 1630 834 1705 apostatice
851 1629 917 1688 Sodi
933 1633 1100 1691 reservatis.

206 1714 270 1774 Alia
293 1714 380 1773 etiam
402 1712 503 1782 bulla,
524 1730 591 1790 qua
614 1711 717 1788 incipit
738 1713 873 1772 Pastoris
892 1711 1017 1786 tamiri,
1040 1717 1177 1777 concedit

166 1799 305 1876 apostatis
327 1807 358 1857 et
376 1797 506 1874 fugitivis
525 1794 736 1872 ctijmcumque
749 1796 882 1868 ordinis,
899 1798 951 1874 qui
975 1799 1048 1857 dira
1062 1804 1180 1861 mantes

166 1880 245 1943 intra
264 1890 411 1958 quatuor,
432 1887 463 1938 et
485 1878 562 1939 ultra
583 1888 699 1941 montes
721 1881 799 1941 intra
820 1889 894 1940 octov
907 1881 1057 1941 nenses
1076 1885 1178 1961 pabli-

166 1964 281 2025 catione
298 1964 455 2042 (publicata
475 1972 520 2022 est
539 1962 589 2027 dle
607 1965 645 2023 rs
663 1962 792 2039 ianuarii
816 1965 917 2041 titul
934 1964 1068 2042 eusdem
1086 1969 1182 2030 lasliso·

166 2047 308 2111 redierim
330 2047 368 2107 ad
387 2061 469 2109 susm
491 2048 666 2125 religionem
680 2090 689 2119 ,
703 2049 906 2108 remissionem
920 2051 1056 2109 uranium
1074 2058 1178 2129 pinita·

165 2150 235 2192 rum
261 2139 383 2210 propter
407 2133 581 2209 apostasiam
608 2133 793 2193 incursurum
814 2140 845 2192 et
868 2133 1118 2211 infligendam,
1143 2144 1177 2198 et

167 2216 288 2295 insuper
304 2216 526 2294 impunitatem,
537 2215 813 2277 dunrnrodiscoram
827 2220 979 2294 superiore
989 2234 1043 2278 sno
1057 2220 1177 2298 culpans

167 2300 380 2381 deprecentur,
401 2310 430 2358 et
452 2299 489 2359 ab
506 2316 542 2360 eo
562 2300 776 2381 absolutionem
797 2300 959 2361 obtirsaans.
1080 2352 1083 2357 .

203 2385 321 2446 tubilai
340 2385 469 2444 extensio
487 2402 540 2460 per
555 2385 728 2443 universum
750 2385 853 2444 orbem
876 2386 914 2443 ita
936 2386 1008 2444 iacta
1024 2396 1081 2446 ost.
1093 2391 1176 2450 lntrn

166 2487 217 2529 sex
238 2487 352 2530 merses
369 2467 601 2545 bpublieatione
616 2470 707 2529 bullae
727 2488 788 2528 suaa
817 2470 984 2547 incipientis
994 2470 1177 2534 Benedictus

166 2557 265 2629 Deos,
284 2553 301 2617 i
322 2553 536 2631 publicatione,
559 2555 698 2635 inquam,
717 2555 747 2613 in
763 2553 1026 2632 quilibetbeclositi
1042 2555 1178 2619 faeieoild

167 2639 299 2701 coneedit
322 2637 455 2697 Pontifex
476 2635 632 2712 jubileum
660 2639 751 2697 instar
773 2638 919 2707 Romani,
943 2635 1022 2715 qaod
1044 2639 1178 2702 eminent

167 2725 255 2783 etiam
273 2723 310 2781 ab
330 2722 366 2780 iis
391 2720 502 2799 possit,
523 2722 576 2799 qui
597 2741 676 2782 anno
699 2721 876 2799 precedenti
895 2718 957 2795 jam
978 2723 1078 2780 Romae
1098 2722 1177 2783 illud

167 2806 269 2867 lucrati
287 2808 415 2864 l'uerant.

205 2889 409 2966 Deputandaas
429 2888 501 2951 verb
520 2890 609 2950 edicit
627 2888 842 2951 abOrilitrariis
864 2889 998 2948 locarium
1015 2889 1176 2950 Ecclesiam
1288 2934 1289 2969 ,

167 2974 368 3038 cathedralem
381 3016 388 3037 ,
402 2990 452 3032 seu
468 2971 610 3050 majorem
627 2974 759 3051 ejusdem
777 2973 902 3032 civitatis
916 2990 983 3031 cum
999 2971 1065 3031 aliis
1080 2973 1179 3034 tribus
1288 2974 1289 3027 J

167 3059 298 3137 ejusdem
317 3057 461 3129 eivitatiS,
486 3076 535 3118 seu
559 3059 633 3133 loci,
656 3056 720 3117 sive
739 3057 973 3124 suburbiorum,
997 3073 1069 3132 quas
1091 3066 1179 3116 tene-
1288 3076 1289 3131 j

167 3154 255 3203 antur
276 3141 376 3200 fideles
400 3143 490 3202 senrcl
513 3142 614 3201 saltem
635 3144 666 3202 in
689 3142 738 3200 ilie
757 3159 811 3217 per
832 3140 999 3217 quindecim
1020 3139 1083 3198 dies
1102 3158 1178 3200 con·

167 3229 283 3295 uranos,
294 3227 340 3287 vcl
352 3228 544 3305 interpolatas
559 3227 696 3295 visitare,
706 3226 757 3284 die
774 3226 888 3301 incepti
901 3224 917 3282 d
931 3223 1035 3301 primis
1045 3226 1180 3301 vesperis

143 3312 225 3379 ¹ilici
251 3313 441 3389 precedentis
471 3327 561 3388 usque
588 3310 624 3371 ud
650 3311 852 3388 vespertinum
879 3307 1085 3386 crepusculum
1113 3307 1179 3369 diei

167 3399 333 3475 mortarriis,
349 3397 398 3457 ubi
415 3405 500 3456 orent
523 3396 614 3457 niodo
632 3405 784 3457 consueto,

206 3481 395 3557 Navigantes,
416 3482 512 3541 etiter
531 3490 668 3558 agentem
689 3481 743 3540 etsi
760 3478 923 3552 redierint,
940 3478 1039 3555 elapso
1054 3474 1176 3552 jubilaei

168 3564 294 3635 termino
305 3606 316 3638 ,
329 3565 366 3624 ad
380 3583 432 3629 sua
451 3565 621 3639 domicilia,
644 3578 697 3627 scu
717 3563 776 3626 oli'o
795 3562 975 3625 diverterint
999 3559 1037 3621 id
1057 3564 1172 3621 certum
