2642 4167
216 196 276 259 did
409 195 698 277 Epitomsdoctrine
709 194 1027 258 mmaiisetccnonicoe

212 298 273 361 iilis
286 297 397 375 pariter
418 298 623 375 privilegium,
638 308 672 358 ut
690 298 736 358 bis
756 297 786 358 in
801 297 862 357 vitd
885 295 1089 358 tantummodi
1108 295 1215 375 possint

213 382 324 442 obsoivi
344 380 501 460 dsimpiiei
518 382 694 442 confessario
715 381 732 442 i
755 381 910 441 reservatis
928 381 1011 439 Sedis
1031 391 1124 458 apost.
1146 383 1216 440 sicut

214 464 352 528 etiamid
373 467 486 542 possint
504 466 535 525 in
560 466 663 526 mortis
681 465 817 524 artictdo.
841 466 973 524 Deciorat
989 463 1061 524 verd
1083 465 1116 525 in
1134 464 1161 544 S.
1181 466 1214 535 ὅ,

214 551 246 612 in
266 548 367 609 eddem
386 549 521 609 facultate
534 549 727 608 absolutionis
748 547 916 609 obtinendae
934 565 995 623 non
1010 546 1214 627 comprehendi

213 642 359 694 reservata
375 632 413 692 ab
427 632 591 693 ordinariis
609 633 755 693 iocorum.

554 800 732 861 tustinus
754 801 891 862 SACRAE.

255 974 322 1033 Nou
338 979 381 1031 est
398 968 595 1048 permittenda
614 970 713 1044 imago
733 969 860 1046 Spiritus
873 972 969 1030 Sancti
987 971 1043 1030 sub
1062 969 1157 1046 tiatira
1168 972 1215 1032 ho·

218 1055 323 1126 mium,
336 1053 404 1115 otim
427 1053 457 1113 id
479 1071 642 1129 numquam
658 1052 823 1114 obtinuerit
841 1056 1065 1114 inEcciosid.1n
1081 1057 1173 1131 Epist.
1182 1055 1215 1115 ad

217 1140 391 1217 Episcopum
417 1140 643 1216 Augustonum‚
668 1136 750 1196 Sicut
768 1156 819 1197 nec
836 1139 933 1217 innoqo
955 1137 1047 1198 trium
1069 1136 1226 1200 torinnam.

217 1220 379 1301 oepuoiium
390 1221 431 1283 ud
447 1218 716 1301 repr-enatandum
735 1222 789 1282 SS.
809 1221 996 1282 Trinitatem.

526 1391 738 1450 IMMUNITAS
759 1390 922 1451 uocatis.

257 1562 302 1623 Ab
321 1561 505 1621 immunitate
521 1559 605 1618 locali
623 1569 729 1637 praeter
743 1568 893 1635 cxcmptos
905 1560 935 1617 in
950 1559 1031 1618 Boiid
1044 1560 1132 1638 Greg.
1145 1560 1215 1619 XIV.

219 1647 290 1708 aiios
303 1645 390 1704 etiam
409 1642 611 1721 adjungendos
629 1645 742 1701 censuit
752 1642 860 1701 Bened.
872 1644 951 1702 ΧΙΙΙ.
962 1644 995 1702 in
1004 1643 1090 1702 Buiid
1103 1644 1152 1702 Eo
1166 1659 1216 1721 quo

219 1728 652 1804 divino,soilicctscqucntes:
1211 1782 1214 1787 .

258 1815 282 1872 i.
296 1812 491 1890 impedientes
508 1829 544 1870 ne
562 1812 628 1889 quis
648 1820 781 1872 recurrat
797 1810 834 1869 ad
852 1811 951 1871 locum
977 1810 1160 1881 immunem,
1175 1809 1216 1867 rel

220 1915 256 1958 ex
268 1914 303 1955 eo
320 1896 466 1954 violenter
486 1895 656 1955 extrahunt.

258 1982 296 2039 ΙΙ.
316 1981 527 2040 interficientes
550 1981 721 2059 proximum
747 1979 846 2040 animo
870 1977 1096 2056 premeditato.
1120 1995 1153 2038 ae
1170 1977 1216 2036 de·

219 2064 353 2125 liberato.

259 2153 312 2211 ltt.
326 2154 530 2214 Adulterantes
543 2152 655 2213 iittcrns
667 2153 849 2232 apostolicas.

259 2238 311 2296 tv.
323 2238 397 2297 Reos
414 2239 505 2304 furti.
528 2256 578 2297 seu
603 2238 674 2315 quid
694 2239 756 2296 taisi
775 2239 992 2297 committentes
1005 2238 1036 2298 in
1050 2240 1149 2298 Monte
1160 2237 1219 2295 Pie-

221 2321 307 2397 tatis,
324 2322 372 2381 rel
390 2323 420 2381 in
441 2323 505 2381 ioco
523 2322 659 2399 publico.
674 2323 724 2379 ubi
749 2325 880 2398 pecunie
901 2323 1111 2398 deponuntur,
1136 2318 1218 2396 nugo

220 2409 452 2484 Bnnco;e1quo
465 2407 590 2466 criruine
600 2425 666 2467 arcu
677 2407 844 2484 pecuniaria
857 2410 898 2467 ita
910 2409 1074 2479 minuatur,
1087 2415 1119 2467 ut
1132 2423 1219 2484 poenc

221 2490 377 2550 ordinariae
390 2493 470 2550 locus
488 2491 536 2549 sit.
582 2564 586 2571 Ι
1069 2546 1072 2551 .

258 2575 294 2633 V.
310 2575 469 2643 vitiantes,
482 2592 533 2633 seo
548 2574 740 2643 obrodentes,
759 2592 877 2645 aureas,
896 2585 1106 2653 argenteasque
1124 2592 1220 2634 mone·

220 2666 264 2719 us
280 2657 490 2736 cujuscumque
508 2660 651 2736 Principis
671 2660 759 2718 etiam
778 2660 911 2729 externi,
932 2676 1050 2718 cursnm
1068 2662 1098 2717 in
1114 2677 1149 2716 eo
1162 2658 1220 2716 ioco

220 2740 378 2812 hanonia,
392 2743 441 2802 ubi
452 2743 592 2803 delictum
604 2744 799 2803 committitur
811 2765 820 2817 ς
832 2745 878 2802 vei
895 2744 937 2801 sic
961 2742 1221 2801 vitiatnsmonetas

219 2828 345 2885 scienter
361 2828 400 2885 ita
420 2827 654 2905 expendentem,
674 2836 709 2885 ut
725 2826 835 2887 fraudis
856 2827 1008 2897 conscius,
1030 2836 1061 2884 et
1080 2826 1222 2904 particeps

220 2911 331 2972 censeri
349 2913 452 2988 possit.

259 2994 407 3064 Vinios,
425 2995 476 3071 qui
501 2996 612 3056 curiam
632 2997 805 3056 simulantes
822 2997 973 3055 insinuant
994 3010 1058 3053 sese
1079 2993 1111 3052 in
1136 2992 1222 3050 domo

221 3077 258 3139 ad
269 3076 427 3137 furandum
437 3121 446 3147 ‚
455 3078 617 3139 dummodo
628 3081 717 3139 simui
726 3081 813 3140 ctiam
825 3079 1009 3139 committant
1020 3075 1222 3144 homicidium,

220 3168 272 3221 aut
284 3161 501 3223 mutilationem
518 3163 721 3223 membrorum
740 3164 848 3232 ineos,
860 3163 1011 3241 quietiam
1025 3178 1079 3239 per
1092 3159 1222 3221 accidens

220 3245 253 3306 in
267 3247 301 3306 ed
313 3245 402 3305 domo
421 3257 507 3318 sunt,
521 3246 626 3307 effectu
649 3257 747 3307 tamen
764 3257 875 3308 secuto.

259 3330 634 3391 v11.ttomicidiumeuam
654 3332 781 3403 inrisit,
795 3333 821 3391 si
842 3350 878 3390 cx
893 3348 1030 3410 processu
1046 3346 1116 3390 reus
1128 3330 1166 3388 sit
1179 3326 1223 3385 do

220 3411 399 3491 prehensus,
426 3433 477 3475 seu
501 3417 533 3475 in
560 3416 682 3475 exilium
708 3417 887 3476 eonomine
911 3416 1019 3492 agitur.
1041 3414 1127 3487 Quod
1149 3412 1222 3471 salet

220 3498 425 3558 tantummodo
438 3499 469 3558 in
480 3501 669 3565 ecclesiastici
684 3499 807 3561 ditione.
819 3503 892 3560 lust.
904 3500 980 3558 Eccl.
990 3499 1041 3557 tr.
1053 3516 1085 3556 n.
1095 3500 1145 3558 nt.

259 3579 292 3636 iu
320 3578 422 3639 eidem
446 3584 529 3643 Buiid
550 3584 738 3645 immunitate
762 3586 896 3662 privatur
916 3584 1061 3660 iile‚spui
1081 3591 1163 3641 stans
1192 3579 1221 3638 in
1273 3660 1274 3667 ἵ
