2642 4167
164 246 204 309 80
455 236 566 301 Proteia
575 236 759 318 nosocomii.
775 237 847 318 Cep.
856 238 886 299 ’1.
951 309 953 315 ¹

163 344 262 417 dinis,
289 343 396 424 ineptae
421 341 603 420 parentum?
623 347 654 399 et
675 335 802 398 maxime
825 335 971 413 expendet
995 334 1108 406 ouen,
1130 352 1168 398 an
1232 327 1243 337 ’

163 428 202 489 sit
226 437 343 502 rectus,
365 442 472 503 nempe
499 424 642 501 mugisse
667 422 864 501 conjungendi
886 424 970 494 Deo,
996 428 1049 481 aut
1071 420 1170 497 lapsus

164 511 339 573 emendandi
352 516 499 572 anteactis
515 508 601 580 vite,
619 516 672 568 aut
685 506 783 568 saeeuli
799 505 929 585 pericula
942 504 1075 565 vitandi?
1088 500 1171 583 quod

164 598 189 656 si
208 596 376 676 principalis
402 594 471 654 finis
490 599 564 652 esset
592 593 777 662 mundanus,
799 591 892 650 vitam
914 588 1018 667 agendi
1037 603 1178 664 commo-2

165 678 302 750 diorem,
322 689 373 739 aut
401 696 433 738 se
461 675 604 736 liberandi
630 675 647 736 d
666 675 839 754 propinquis
866 674 948 734 datrae
966 670 1176 754 conditionis,

165 770 217 821 aut
236 761 433 842 complacendi
451 760 644 839 parentibus,
668 760 718 837 qui
744 759 779 817 ad
806 756 861 817 hoc
889 775 957 816 eum
983 754 1171 834 impellunt,

166 856 285 917 caveat,
305 865 343 906 ne
363 848 515 925 permittat
535 846 707 921 religionem
729 843 843 921 ingredi
859 864 868 914 3
890 861 958 901 nam
976 859 1011 900 eo
1035 858 1102 899 casu
1121 836 1173 897 illa

166 945 226 989 non
245 938 289 989 est
304 949 371 990 vera
393 930 524 997 vocatio,
544 930 680 1007 sineque
703 925 871 1004 hujusmodi
895 921 1173 1001 ingeminandum

166 1011 287 1073 babebit
307 1023 457 1074 eventum.
470 1013 500 1073 Si
521 1021 621 1072 autem
649 1013 717 1072 finis
739 1020 783 1071 est
808 1012 928 1084 bonus,
950 1019 981 1071 et
1006 1007 1086 1067 abest
1114 1006 1173 1064 im·

166 1095 388 1175 pedimentum,
403 1096 570 1165 necdebet,
584 1115 637 1156 nec
650 1103 744 1175 petest
760 1095 967 1167 confessarius,
979 1108 1074 1168 neque
1085 1089 1172 1154 alius.

167 1188 202 1238 ut
214 1180 300 1241 decet
309 1184 348 1241 D.
368 1179 495 1242 elimas
507 1179 655 1260 (Quodlib.
675 1183 703 1240 5.
719 1188 778 1239 ort.
794 1178 856 1258 lt.)
870 1222 879 1248 ,
892 1179 955 1237 sine
970 1177 1055 1252 culpa
1068 1173 1172 1252 gravi,
1227 1186 1230 1188 ’
1312 1257 1313 1266 ¹

167 1264 211 1324 illi
223 1266 383 1344 impedire,
400 1272 452 1324 aut
464 1264 630 1324 dissuadere
643 1265 824 1324 vocationem
839 1262 996 1340 ,quamvis
1011 1259 1173 1338 prudenter

167 1356 234 1425 aget
254 1349 434 1428 aliquando,
453 1349 478 1408 si
498 1350 700 1410 executionem
724 1349 766 1409 illi
792 1347 908 1407 diflerat
929 1346 966 1405 ad
993 1341 1098 1405 melida
1121 1358 1174 1401 ex·

167 1433 360 1511 periendum,
373 1453 410 1494 aa
425 1433 567 1493 resolutio
589 1435 627 1494 ait
645 1433 731 1493 firma
745 1442 775 1492 et
787 1448 993 1511 perseverans,
1008 1427 1174 1506 praesertim

168 1522 194 1576 st
211 1518 326 1579 noverit
348 1517 561 1578 adolescentem
582 1535 644 1577 esse
668 1517 852 1588 volubilem,
878 1524 930 1575 aut
953 1516 977 1573 si
999 1511 1173 1572 deliberatio

168 1600 218 1661 illa
237 1603 311 1661 lacte
331 1601 420 1662 fuerit
442 1609 575 1679 tempore
594 1602 763 1676 missionis,
785 1602 831 1660 rel
857 1599 1064 1659 exercitiorum
1084 1595 1175 1674 spiri·

168 1687 293 1746 tualium
320 1706 329 1744 a
361 1685 433 1757 dum
453 1686 485 1745 in
507 1683 675 1761 hujusmodi
698 1685 895 1745 occasionibus
920 1683 1055 1760 quaedem
1075 1680 1176 1740 couci·

168 1772 293 1848 piantur
306 1770 475 1849 proposita,
490 1786 555 1849 quoe
570 1767 769 1850 postmodum,
778 1769 875 1848 primo
890 1768 1005 1829 terrore
1015 1772 1172 1833 transacto,

168 1854 320 1913 deliciunt.

206 1938 255 1997 95.
267 1938 297 1996 Si
317 1937 423 2016 aliquis
436 1934 602 1998 adolescens
623 1937 712 1998 vellet
729 1939 876 2017 suscipere
886 1946 995 1997 statum
1008 1933 1173 2013 presbyteri

167 2021 332 2093 saecularis,
353 2022 472 2081 nonsit
493 2023 586 2081 facilis
609 2024 801 2082 confessarius
825 2021 863 2082 ad
882 2020 1091 2087 annuendum,
1109 2019 1177 2078 sine

166 2106 253 2182 longa
277 2112 307 2164 et
331 2104 453 2184 probata
476 2106 656 2183 experientia
688 2108 761 2167 recti
788 2106 876 2178 linis,
898 2114 928 2166 et
953 2105 1104 2175 scientie,
1125 2103 1173 2163 vel

166 2189 338 2249 sufficientis
356 2190 533 2265 capacitatis.
557 2191 726 2251 Sacerdotes
748 2191 870 2269 quidem
891 2190 1041 2250 seculares
1063 2186 1175 2248 habent

166 2273 326 2344 camdem,
348 2273 410 2333 imo
441 2272 584 2351 majorem
608 2275 819 2353 obligationem
840 2272 929 2353 quim
955 2273 1112 2351 religiosi,
1141 2280 1173 2333 et

165 2357 268 2420 centra
291 2368 446 2419 minarent
473 2360 505 2421 in
528 2360 639 2420 eisdem
657 2361 754 2421 secuti
778 2360 938 2439 periculis,
956 2358 1036 2418 unde
1056 2358 1175 2435 etquis

165 2445 261 2507 bonus
275 2445 519 2505 evadatsacerdos
531 2446 563 2505 in
579 2447 684 2506 seculo
697 2445 740 2523 (in
757 2443 909 2522 querani,
918 2462 955 2503 ne
966 2443 1062 2503 dicam
1083 2443 1176 2524 raris·

165 2529 240 2591 aime
257 2530 327 2590 boni
352 2529 559 2608 inveniuntur)
571 2538 709 2608 oportet,
729 2540 762 2590 ut
782 2526 864 2608 priris
876 2528 1070 2607 eger-itvitam
1087 2528 1173 2587 valde

165 2615 383 2693 exemplarem,
403 2622 546 2674 remotam
562 2612 578 2674 i
596 2613 674 2673 ludis
687 2657 696 2686 ,
710 2614 747 2674 ab
765 2614 847 2683 otio,
864 2611 881 2673 i
904 2612 1001 2692 pravis
1020 2613 1124 2684 sociis,
1141 2617 1176 2672 et

165 2699 295 2758 deditam
312 2700 438 2760 orationi
453 2709 483 2759 et
503 2708 752 2762 sacramentorum
773 2698 944 2775 frequentiae
965 2695 1027 2774 (sed
1044 2697 1109 2774 quis
1127 2705 1176 2757 est

165 2779 232 2851 bie,
252 2792 282 2841 et
298 2783 481 2843 laudabimus
500 2783 624 2859 eumlla
646 2784 778 2861 alioquin
797 2802 828 2842 se
841 2789 932 2861 ponet
945 2780 976 2840 in
992 2788 1069 2840 statu
1090 2781 1174 2859 quasi

166 2876 252 2926 eertoe
275 2866 493 2941 damnationis3
508 2867 671 2945 presertim
690 2868 713 2926 si
735 2866 790 2926 boe
809 2866 913 2936 iaciat,
937 2873 971 2923 ut
989 2864 1175 2944 obtemperet

165 2959 323 3027 parentum
344 2948 417 3019 lini,
440 2953 491 3027 qui
510 2960 554 3010 est
574 2969 621 3010 res
648 2950 819 3011 domesticas
840 2950 956 3026 augere.
981 2947 1047 3019 lam
1072 2958 1174 3011 autem

165 3034 279 3094 dietum
303 3032 449 3112 estsupri
470 3053 503 3094 η.
533 3036 582 3095 55.
604 3036 693 3114 quiam
721 3036 924 3113 gravissimum
944 3033 983 3092 sit
1001 3042 1172 3112 peecatum,

165 3119 244 3196 quod
260 3127 383 3198 ,parram
398 3130 533 3197 parentes
548 3121 592 3181 illi
613 3124 664 3199 qui
687 3120 763 3180 filios
785 3128 916 3197 cogunt,
937 3126 972 3178 ut
998 3127 1108 3177 statum
1123 3134 1173 3176 ec-

156 3203 426 3262 clementinam
452 3203 620 3280 religiosum
646 3205 732 3264 inviti
753 3205 920 3283 suscipiant.
937 3200 1040 3276 Quoad
1060 3201 1173 3280 puellas

163 3285 235 3346 verb
248 3304 313 3364 quae
327 3287 528 3365 virginitatem
539 3305 621 3347 suam
631 3289 699 3349 lesu
709 3287 826 3349 Christo
841 3304 1009 3347 consecrare
1022 3286 1168 3363 cupiunt,

164 3386 225 3429 non
252 3371 403 3448 permittat
432 3372 474 3430 eis
494 3373 655 3432 castitatem
676 3372 820 3452 perpetud
838 3371 966 3440 vovere,
988 3370 1043 3429 nisi
1060 3387 1171 3447 cogno-

164 3462 223 3510 scat
236 3470 283 3510 cas
304 3453 379 3513 bend
399 3455 533 3514 fundatas
550 3457 582 3515 in
596 3457 771 3524 virtutibus.
793 3466 824 3516 et
845 3453 962 3514 edoctas
977 3453 1008 3511 in
1029 3453 1098 3511 vitae
1110 3454 1175 3529 spi--

163 3535 277 3594 ritualia
301 3538 428 3615 regulis,
454 3549 484 3598 ct
506 3538 652 3616 praecipue
674 3542 707 3599 in
735 3540 870 3600 oratioue
894 3538 1074 3597 exercitatas.
1105 3535 1168 3604 Sub

164 3616 250 3677 initio
271 3622 314 3677 cla
329 3619 443 3683 tantdrn
467 3622 638 3701 permittere
660 3633 777 3703 potest,
797 3632 832 3685 ut
856 3624 1018 3706 castitatem
1035 3627 1164 3680 voveant
