2642 4167
373 187 874 271 Dciuterropetionidueseu‘cudr's.
1087 188 1127 251 59

119 300 211 378 prout
233 297 424 354 sunteerum
448 292 532 361 Deo,
556 289 673 351 tunttim
694 290 905 370 interrogando
922 290 961 352 de
985 291 1127 369 temporis

121 377 279 438 duratione
306 375 338 435 iu
363 384 491 453 pecouto.
521 372 610 435 Sectis
630 374 654 434 si
677 376 790 435 melum
822 375 1007 454 propositum
1036 374 1128 436 suerit

119 470 294 539 conceptum
315 476 368 537 per
392 458 490 529 duos,
511 459 556 518 vei
583 467 642 517 tres
669 458 731 518 dies
755 468 825 520 unte
846 459 1127 519 consummationem

119 545 249 623 pcccati,
270 551 301 603 et
318 545 396 604 intra
419 542 494 601 iilud
509 550 626 619 tempus
648 561 709 603 non
722 544 813 605 suerit
829 552 1038 610 retractatum,
1058 542 1128 619 quin

120 639 192 689 tuuc
213 627 344 687 sumitur
357 644 413 703 pro
435 643 497 684 uno
519 643 644 686 numero
659 636 811 704 peceatum
824 648 834 703 3
846 626 997 687 vidediete
1011 625 1127 686 ibidem.

158 713 197 772 Se
212 710 377 789 polluentes
395 709 616 787 interrogentur
628 712 718 769 etiem
728 711 767 770 dc
777 711 902 770 tactibus
915 710 1071 788 impudicis
1083 728 1129 769 sc·

120 792 260 894 perutisd
274 793 508 874 pollutionibus,
522 803 553 852 et
561 803 740 854 moneantur
757 813 806 853 cos
819 813 880 854 csse
894 795 1039 855 morteliu.
1053 796 1129 853 ltem

120 884 361 960 mterrogcntur,
384 894 421 934 on
438 878 727 955 concupierint,ch
748 897 785 937 66
803 879 936 939 deiectoti
957 879 1070 937 suerint
1091 876 1129 936 dc

119 963 227 1041 copule
248 961 372 1042 cogitatu
396 978 463 1020 curn
490 962 607 1037 ulique,
634 962 681 1020 vel
704 962 840 1039 pluribus
859 963 1052 1032 mulieribus,
1077 969 1129 1022 uut

120 1046 247 1127 pueris3
267 1055 338 1105 tunc
358 1044 438 1103 enim
466 1051 510 1103 tot
533 1054 649 1121 peccata
673 1046 811 1105 distincte
829 1047 1032 1107 committunt.
1053 1048 1128 1106 ltcm

120 1129 267 1200 edverte,
288 1128 369 1206 qudd
389 1127 413 1187 si
440 1128 507 1205 quis
534 1129 627 1190 eoiret
648 1129 728 1189 inter
742 1148 829 1210 crure
851 1139 902 1190 eut
919 1131 1039 1190 brechio
1062 1149 1129 1190 mu·

119 1214 228 1285 lieris,
255 1220 362 1291 praeter
385 1222 536 1289 peccatum
556 1221 656 1272 contre
674 1221 833 1285 naturum,
856 1215 1053 1274 committeret
1068 1215 1129 1273 ior·

121 1297 299 1359 nicetionem
315 1292 499 1367 inchoatum,
515 1297 577 1354 sire
597 1295 760 1356 effectivam
772 1339 780 1368 ,
793 1306 828 1358 ut
844 1297 948 1357 dicunt
963 1298 1128 1357 communi·

120 1392 168 1444 ter
181 1376 302 1441 Filliue.
329 1376 478 1446 Tenetur,
502 1376 590 1440 Holz.
611 1381 698 1459 Sper.
713 1388 766 1440 cto.
782 1377 817 1459 (l.
833 1383 862 1441 t.
878 1399 911 1442 n.
930 1382 999 1442 tte.
1015 1399 1044 1441 u.
1058 1382 1129 1442 Pri-

119 1465 251 1544 mum.),·
279 1459 359 1526 unde
383 1461 432 1522 hic
461 1462 521 1523 duo
546 1473 677 1542 potrurct
703 1474 818 1543 peccetu
847 1466 970 1526 diverse
994 1467 1126 1543 speciei,

119 1568 217 1613 unum
234 1555 336 1609 contre
360 1557 501 1607 naturum*
513 1548 545 1608 in
569 1548 697 1619 effectu,
718 1551 845 1610 aiterum
871 1550 1073 1609 fornicationis
1097 1550 1128 1610 in

119 1635 237 1696 effectu.
259 1634 340 1694 Circe
357 1641 476 1710 peccate
488 1631 647 1710 conjugum
671 1645 807 1712 respectu
829 1634 866 1696 ed
885 1633 1019 1691 debitum
1039 1634 1130 1692 muri-

118 1720 200 1793 tuie,
222 1714 371 1776 ordinarie
384 1715 531 1793 loquendo
550 1717 741 1776 confessarius
757 1735 817 1794 non
830 1725 968 1786 tenetur,
982 1730 1035 1773 nec
1046 1714 1129 1777 dccet

118 1804 326 1878 interrogare,
354 1800 410 1859 nisi
428 1817 556 1870 uxores,
577 1818 615 1858 en
637 1801 712 1859 iliud
732 1799 939 1870 reddiderint,
957 1798 1128 1861 modestiori

118 1887 282 1962 modoque
298 1885 406 1961 possit,
424 1882 494 1960 putis
510 1926 518 1955 ,
533 1901 571 1941 an
589 1880 704 1962 scurriet
719 1883 877 1946 obedientes
889 1883 963 1946 uiris
977 1882 1011 1944 iu
1031 1876 1129 1945 euerri-

118 1970 200 2033 bue?
223 1969 261 2028 de
284 1968 349 2028 eiiis
369 1976 479 2041 teceet,
501 1967 565 2025 <nisi
584 1967 781 2045 interrogatus
804 1970 904 2029 suerit.
930 1969 1003 2042 Qum
1029 1978 1128 2030 summ

117 2055 250 2124 liceant,
263 2062 293 2114 ct
313 2070 381 2129 quoe
395 2060 532 2111 vetentur
543 2052 622 2110 inter
632 2050 771 2130 conjuges
786 2054 861 2113 circe
875 2054 954 2114 idem
971 2052 1127 2131 debitum

117 2138 189 2199 ride
202 2155 268 2215 quae
288 2133 352 2197 susc
369 2134 446 2195 dictu
462 2143 533 2194 sunt
554 2134 585 2196 in
607 2134 704 2211 Opere
718 2136 796 2213 (Lib.
810 2139 839 2197 6.
853 2156 886 2198 o.
899 2135 981 2215 966.)

159 2306 210 2365 te.
225 2241 336 2370 Ciues
355 2303 420 2364 vlt.
450 2310 628 2384 preceptum
645 2304 826 2384 interroget,
845 2308 869 2370 si
883 2305 996 2385 aliquid
1012 2307 1052 2368 oh
1064 2309 1128 2370 elio

118 2390 324 2467 surripuerit?
338 2395 369 2448 et
385 2384 402 2445 6
418 2405 477 2465 quo
489 2431 498 2460 ,
512 2397 542 2446 et
560 2388 733 2464 andhuno,
747 2400 799 2450 out
815 2392 971 2468 pluribus?
982 2410 1022 2451 un
1030 2393 1127 2465 sotus,

118 2492 160 2534 un
174 2490 244 2532 cum
261 2472 347 2547 eliis,
365 2479 396 2530 et
417 2488 455 2531 en
475 2472 582 2548 semel,
602 2491 639 2532 on
654 2475 786 2552 pluries?
798 2476 866 2553 quie
885 2478 909 2535 si
926 2476 1130 2552 quuttbetvicc
1209 2471 1211 2474 ’

119 2557 278 2621 materiem
298 2573 419 2632 gravem
438 2558 617 2635 sumpserit,
630 2559 762 2635 quilibet
777 2560 841 2618 ricc
854 2559 983 2636 peccarit
997 2559 1131 2618 mortuii-

120 2652 179 2703 tcr.
205 2641 236 2700 si
258 2637 329 2700 rere
345 2638 498 2702 materiem
522 2658 644 2718 perram
663 2644 828 2717 sumpserit
853 2642 975 2716 singuiis
997 2640 1128 2712 vicibus,

119 2736 193 2788 tune
211 2741 272 2790 non
294 2724 422 2800 peccavit
443 2723 594 2800 graviter,
609 2724 667 2783 nisi
690 2723 725 2782 66
738 2740 858 2799 gravem
878 2722 1130 2783 materiemudre-

119 2810 241 2883 nerint3
263 2804 427 2866 dummodd
444 2805 461 2865 6
481 2808 628 2885 principio
641 2805 774 2868 animum
795 2824 855 2868 uon
871 2805 1009 2867 irubuerit
1026 2823 1131 2885 perre-

119 2889 225 2953 niendi
238 2887 276 2947 ud
294 2890 447 2950 materiem
462 2906 583 2967 gravem
594 2911 603 2965 3
615 2890 667 2949 sed
689 2888 757 2950 ciun
777 2894 899 2952 muteris
913 2889 976 2969 jem
992 2893 1064 2952 iectu
1086 2900 1131 2959 est

117 2973 220 3055 gravis
231 3015 241 3047 ,
254 2970 324 3032 licet
342 2973 394 3032 illc
415 2976 546 3051 graviter
557 2992 618 3034 noo
632 2978 779 3053 peccarit,
795 2985 894 3038 temen
916 2977 972 3038 sub
990 2977 1072 3054 gravi
1090 2985 1131 3035 te·

117 3068 212 3120 netur
232 3056 270 3116 ud
292 3056 509 3118 restitutionem
528 3054 560 3137 (i.
578 3061 608 3119 6.
633 3078 665 3120 n.
681 3060 894 3140 555.),·,seitem
917 3062 997 3122 iliius
1018 3060 1130 3132 ultime

119 3139 314 3220 quantitatis,
334 3158 400 3217 quae
417 3141 570 3202 motorium
591 3161 711 3220 gravem
730 3148 882 3206 constituit
897 3142 1129 3223 (16666666).

119 3223 293 3287 Notandum
307 3232 407 3284 temen
421 3224 486 3303 plus
502 3229 632 3287 nruteriae
649 3229 687 3287 ed
705 3229 939 3292 constituendum
957 3230 1130 3304 gravitatem

22 3329 24 3340 ³
118 3309 154 3371 in
172 3307 263 3368 furtis
281 3307 426 3381 minutis,
443 3318 473 3370 ct
485 3308 629 3388 mojorem
643 3313 775 3388 requiri,
792 3311 846 3372 sii
863 3312 988 3371 diversis
1011 3330 1130 3373 sumen·

116 3401 191 3469 tur3
202 3390 283 3451 unde
293 3389 424 3463 dicitur,
438 3390 518 3470 quod
529 3394 560 3452 in
576 3395 663 3455 sortis
678 3396 821 3467 minutis,
834 3413 902 3473 quse,
910 3394 1046 3471 pluribus
1057 3397 1129 3458 vici·

115 3476 179 3540 hus
196 3473 325 3537 disemis
344 3475 418 3536 tecte
432 3484 517 3548 suut,
531 3476 656 3558 duplum
671 3480 836 3557 requiritur
850 3478 927 3557 (tit.
941 3480 971 3539 t.
986 3498 1018 3539 u.
1033 3481 1127 3556 teet.

115 3562 155 3624 Bt
179 3560 206 3622 si
230 3559 310 3623 inter
325 3575 360 3620 cu
381 3559 510 3623 notabile
532 3561 696 3624 intercessit
716 3570 849 3642 tempus,
875 3563 1005 3707 duoqum
1022 3575 1128 3641 nempe
