2642 4167
427 210 850 296 611666666166666166.
1083 214 1142 277 117

139 313 210 378 rhus
232 313 373 396 privatim
390 314 528 376 accedere
544 315 579 375 ad
594 334 642 376 eas
660 314 845 377 instruendas
863 330 931 376 6616
948 318 1141 397 quanm

138 418 193 480 666
203 418 259 462 sao
271 397 453 462 incommodo
467 444 475 472 ,
488 407 522 459 ut
533 398 754 478 loquituridem‘
763 406 877 460 auctor.
889 400 1010 472 Saltem,
1022 401 1141 480 quando

137 482 192 544 hoc
199 484 407 545 difficillimum
426 483 553 544 essetab
570 500 711 562 magnum
730 500 890 542 numerum
901 481 1007 544 harum
1018 482 1143 545 rudium

137 585 348 643 personarum,
371 575 509 645 procuret
521 583 568 625 eas
587 567 773 642 examinare,
793 573 824 626 et
842 566 990 627 instruere
1004 574 1139 646 tempore

135 652 274 729 praecepti
287 648 447 728 paschalis,
465 650 511 708 vel
525 648 642 727 qnando
656 650 780 709 veniunt
793 649 829 708 ad
845 650 985 728 petendas
996 650 1071 711 fides
1083 666 1138 729 pro

135 734 501 811 susceptionesaeramenti
512 731 744 792 confirmationis
754 777 762 802 ,
772 733 820 793 vel
829 734 1022 794 matrimonii.
1033 735 1138 812 Operm

134 833 251 894 qnoque
271 819 399 894 pretium
427 824 492 886 est,
519 825 554 875 ut
578 814 723 894 parochus
745 816 877 895 exploret
906 818 1082 895 magistros,
1106 824 1138 878 ct

133 903 303 978 magistras,
323 909 355 959 ut
373 899 449 959 bend
466 900 614 957 instruant
631 917 740 977 pucros
758 910 788 959 et
808 900 919 978 puellas
934 901 1011 962 eirca
1031 899 1138 971 (166166

132 996 199 1043 nam
211 1028 219 1050 ,
232 994 263 1044 ct
276 983 370 1044 media
391 983 466 1042 bend
482 980 600 1041 vivendi
625 985 657 1041 in
675 993 774 1043 sancto
795 987 848 1045 Dei
868 986 987 1045 timore.
1209 980 1214 987 '

169 1066 587 1128 197.11.96ιοι·666166616ι·
610 1062 665 1144 por
688 1084 719 1126 se
740 1069 909 1128 ministrare
929 1076 1132 1137 sacramenta

132 1150 246 1224 quotics
272 1150 441 1229 parochiani
461 1148 541 1226 juste
562 1158 735 1248 exposcunt.
755 1151 830 1211 Et
807 1170 832 1211 ει
852 1151 928 1213 16616
945 1169 1133 1213 aeconomum

134 1235 339 1317 constituerit,
360 1233 424 1310 cius
449 1235 541 1292 vitam
561 1241 590 1293 et
608 1234 761 1295 scientiam
787 1233 946 1314 diligenter
966 1237 1134 1312 examinet3

129 1303 201 1375 aliis
218 1320 353 1379 omnium
373 1317 671 1388 inconvenientium,
689 1337 754 1396 que
772 1327 872 1397 postea
896 1320 1053 1392 evenient,
1070 1321 1132 1397 ipse

129 1401 193 1460 Deo
203 1402 373 1462 redditurus
383 1410 427 1461 est
439 1402 595 1461 rationem
604 1403 727 1480 Insuper
737 1409 855 1464 tenetur
862 1406 994 1465 assistere
1005 1405 1134 1463 morien·

129 1484 226 1557 tibus,
241 1487 298 1545 nisi
315 1487 391 1546 adsit
404 1487 478 1545 alius
499 1486 634 1545 idoneas.
647 1486 852 1548 peecatoribus
863 1497 961 1548 autem
975 1486 1133 1547 habitantis

127 1570 323 1629 morientibus
333 1571 486 1648 specialem
498 1570 979 1648 teneturpraestareassistentiam,
991 1570 1132 1648 quoniam

127 1649 174 1710 isti
186 1652 317 1713 existunt
328 1655 358 1713 in
367 1655 447 1731 gravi
461 1653 700 1712 necessitatesve
714 1655 895 1714 assistentiae
904 1656 940 1713 Et
949 1654 1025 1712 elren
1035 1655 1133 1713 Extre-

126 1751 209 1794 mam
228 1737 416 1809 Unctionem,
434 1736 565 1797 attendat
592 1736 641 1808 id,
666 1737 746 1815 qaod
763 1736 913 1796 habetur
905 1733 1132 1797 rnCntechismo

125 1819 364 1901 Roman0(pcrt
380 1824 410 1881 9
425 1839 490 1900 cop
506 1823 535 1879 6.
548 1839 580 1880 6.
598 1820 660 1897 ⁹·)=
672 1819 852 1883 6666166661
864 1818 1044 1918 percontari
1055 1817 1133 1881 ittet

125 1907 242 1984 166666
253 1913 375 1986 epactae
386 1903 517 1985 6696666
526 1902 676 1965 obserere
685 1901 794 1977 soleat
805 1923 871 1966 eum
877 1924 946 1986 jam
956 1901 1131 1967 66666616

124 1987 165 2046 tia
179 2004 232 2069 epe
251 1987 382 2063 6661666
404 1987 489 2066 uita,
505 1996 532 2049 et
552 1987 686 2050 6666666
705 1991 802 2049 cartre
817 1987 975 2070 incipient.
999 1992 1130 2050 Tenetur

124 2087 245 2148 quoquc
261 2091 292 2133 se
313 2075 492 2145 informare,
517 2073 617 2135 utrium
640 2074 685 2133 sui
705 2073 815 2134 subditi
836 2083 980 2153 praecepto
1001 2073 1128 2154 paschali

123 2156 339 2234 anthiocenam
359 2158 453 2220 Betui
476 2158 510 2218 de
533 2158 592 2236 Off
610 2160 684 2220 Por
700 2176 725 2220 6.
744 2162 774 2220 2
786 2177 819 2219 ιι
832 2159 862 2219 7.
876 2167 905 2220 et
917 2159 1040 2240 Sepaert
1052 2161 1125 2221 Per

122 2238 219 2300 iactr
236 2259 261 2302 c.
284 2244 333 2303 25
355 2245 391 2303 Et
413 2243 634 2322 diligentissime
653 2250 754 2303 caveat
770 2261 924 2344 nunquam
941 2243 1128 2306 committere

122 2325 300 2403 cuicumque
310 2328 415 2387 clerico
432 2326 583 2388 schedulas
596 2329 824 2389 communionis.

161 2410 233 2469 198.
251 2412 303 2470 111.
324 2412 432 2471 Carere
456 2428 581 2511 quoque·
600 2412 687 2473 dehet
705 2411 866 2488 parochus,
891 2433 929 2475 nc
950 2412 1128 2476 concedatur

121 2491 242 2554 habitus
257 2494 396 2554 clericalis
418 2497 478 2554 illis
497 2497 596 2574 pueris
608 2540 617 2569 ,
629 2503 681 2571 aut
698 2496 949 2570 adolescentibus,
963 2499 1014 2575 qui
1036 2496 1127 2556 mori·

121 2579 178 2638 hus
196 2577 256 2636 suis
269 2596 329 2638 non
346 2598 406 2657 prae
417 2597 449 2638 se
462 2580 561 2639 ierunt
573 2580 704 2640 indolem
718 2581 949 2639 ecclesiasticam.
965 2581 1128 2657 Diligenter

119 2671 225 2742 postea
238 2663 356 2723 erudire
373 2660 460 2724 dehet
479 2666 553 2725 circa
567 2673 676 2722 statum
689 2663 918 2740 ecclesiasticum
929 2664 1048 2722 elericos
1059 2680 1127 2722 suos

116 2746 182 2822 janu
206 2743 340 2809 habitum
357 2745 540 2827 descrentes3
553 2748 638 2806 aliter
655 2746 700 2812 illi
719 2745 782 2803 sine
799 2744 992 2803 instructione
1008 2745 1124 2815 relicti,

118 2841 150 2889 et
163 2830 300 2891 moribus
312 2830 476 2908 depravatis
488 2877 496 2903 ,
509 2841 560 2892 aut
572 2848 627 2909 per
640 2831 700 2901 sas,
713 2837 764 2888 aut
776 2846 831 2907 per
844 2827 923 2886 nelas
936 2827 973 2887 ad
989 2828 1124 2902 ordines,

117 2911 196 2975 inde
205 2931 265 2973 non
277 2914 340 2974 sine
353 2933 459 2994 magno
472 2935 531 2976 suae
542 2915 624 2976 urhis
639 2913 814 2979 seandaloet
827 2912 1017 2984 detrimento,
1027 2931 1126 2973 ascen·

116 2997 207 3056 dent.
220 2997 419 3059 Praetermitto
432 2997 481 3060 hic
499 3000 581 3077 loqui
597 2998 636 3059 de
656 2999 783 3058 maxima
805 2997 936 3068 ratione,
954 3014 1044 3074 quam
1064 2998 1125 3056 Deo

116 3078 270 3140 reddituri
290 3091 359 3141 sunt
379 3082 498 3160 parochi
524 3084 589 3152 illi,
608 3083 662 3161 qui
687 3081 827 3141 exhibent
841 3080 914 3140 fides
930 3079 1123 3148 ordinandis,

116 3180 197 3240 qaros
208 3163 264 3240 ipsa
256 3163 354 3226 hene
369 3177 494 3226 noscunt
503 3166 653 3245 indignos
666 3176 716 3225 aut
729 3166 941 3225 exhihentillas
954 3161 1124 3244 priusquam

116 3266 150 3305 se
166 3247 294 3307 reddant
305 3267 423 3310 securos
433 3293 443 3326 ‚
455 3269 533 3329 praet
536 3252 563 3312 ra
584 3251 751 3333 diligenti
742 3270 773 3312 ιιι
776 3251 950 3313 formatione
962 3291 971 3320 ,
985 3248 1022 3308 de
1042 3247 1122 3317 ordi·

114 3330 288 3390 nandorum
301 3332 444 3396 bonitate

158 3415 229 3472 199.
245 3416 296 3475 IV.
311 3419 443 3479 Tenetur
457 3418 600 3498 parochus
612 3437 644 3479 se
657 3419 818 3478 informare
833 3417 900 3477 de
881 3436 938 3492 ns,
958 3419 1009 3497 qui
1020 3420 1124 3480 vivunt

112 3496 148 3556 in
172 3506 290 3572 peccato
305 3500 429 3574 lethali,
448 3513 483 3563 ut
500 3521 549 3563 eos
564 3504 713 3580 corrigat:
725 3502 785 3561 do
776 3502 954 3571 inimicatus
970 3511 1000 3562 et
1011 3504 1126 3564 scanda-

113 3579 155 3643 tis
171 3585 336 3661 presertim
353 3585 585 3667 interspensoS,
604 3598 652 3658 ut,
673 3594 817 3664 quantum
836 3587 1047 3761 6666Ιὲ66,
990 3598 1047 3664 est,
1067 3592 1124 3650 illis

941 3690 958 3726 ι)
