2642 4167
153 180 192 242 tt
406 194 409 203 ·
434 177 547 241 Prasia
559 175 741 256 castseasorii.
755 178 828 258 Cap.
844 178 873 238 f.

151 278 257 341 abalio
274 280 455 341 confessario
466 278 634 355 impositam
655 278 792 354 petierit3
804 279 909 339 volunt
927 279 1014 373 vulti
1026 280 1161 346 doctores

151 360 179 423 ei
194 361 385 442 repetendam
404 363 468 424 fore
480 371 572 424 totam
589 360 800 421 confessionem
813 360 884 422 huia
900 364 1093 441 confessario,
1107 371 1161 430 sal·

151 455 213 507 tem
227 448 258 508 iu
272 448 410 518 confuso,
430 455 464 507 ut
475 456 568 507 status
580 463 640 505 sum
654 445 838 505 oonsoientiaa
857 445 926 508 buia
936 448 1073 510 notitiam
1082 470 1160 529 prte-

151 529 229 591 beat.
240 532 296 592 Sed
310 532 397 591 multi
410 531 460 591 alii
472 532 560 591 etiam
573 528 877 605 probabilitertliaunt
888 527 922 608 (l.
935 549 960 591 o.
973 534 1089 610 atta.)
1102 534 1162 596 hoa

151 632 211 674 non
224 632 287 676 esse
298 615 494 677 necessarium
502 658 514 691 ,
527 611 595 675 ciam
604 613 731 673 sufficiat
744 657 752 684 ,
772 612 853 691 quaid
875 614 1069 677 confessarius
1078 618 1163 695 judi·

151 697 230 758 cium
249 700 357 771 faciat,
377 699 415 758 ad
439 698 520 769 boa,
540 707 574 758 ut
597 706 693 757 mutet
713 699 941 776 paonitentiam,
962 718 1027 761 esse
1046 702 1162 766 iasuffi-
1246 770 1254 782 ,
1319 676 1320 701 ³

151 782 261 843 cientes
276 783 449 861 paenitentis
460 784 537 842 vires
549 781 593 841 illi
606 781 690 840 oneri
705 782 845 857 ferendo,
862 781 929 842 citm
952 784 1054 846 contria
1068 789 1161 863 possit

150 883 187 925 ex
198 867 321 944 ipsamet
329 867 502 945 paenitentia
518 866 653 943 imposita
664 882 786 943 arguere
798 868 949 925 materiam
960 878 1160 945 peecatorum,

152 967 207 1028 pro
221 951 330 1028 quibus
344 951 392 1010 illa
417 950 547 1027 injuncta
561 957 641 1024 erat,
663 956 694 1007 et
715 949 756 1008 ita
771 966 803 1007 se
821 949 950 1026 dirigere
972 961 1068 1028 potest
1083 996 1091 1026 ,
1108 964 1162 1014 aut

153 1036 185 1094 in
199 1036 361 1103 mutando,
375 1045 426 1096 aut
440 1033 646 1093 diminuendo.
662 1035 697 1093 Et
719 1033 911 1111 probabiliter
930 1045 1025 1112 pateat
1039 1037 1069 1097 id
1088 1058 1162 1099 cou-

152 1119 288 1179 fessarius
302 1119 391 1197 (Ibit.
407 1119 441 1179 ita
454 1118 524 1197 fita.)
541 1134 578 1177 ex
596 1134 627 1177 sa
648 1116 763 1177 efficere
779 1161 787 1190 ,
807 1116 876 1177 cum
898 1120 1062 1195 praevidet,
1077 1122 1160 1199 qubd

153 1204 299 1282 paenitens
322 1204 532 1266 verosimiliter
558 1202 784 1281 paenitentiam,
811 1212 846 1262 ut
873 1213 980 1269 auten.
1005 1208 1161 1286 negligere

152 1298 266 1367 perget.
281 1290 418 1350 Attamen
429 1289 605 1349 confessario
629 1287 761 1348 inferiori
776 1304 836 1347 non
849 1298 892 1347 est
912 1291 1088 1366 permissum
1101 1294 1162 1353 im-

154 1382 268 1433 mutare
291 1375 497 1452 poenitentiam
519 1370 688 1449 impositam
711 1369 729 1429 ia
757 1373 910 1449 superiore
928 1391 983 1452 pro
1004 1378 1161 1436 reservatis

152 1466 233 1516 extra
244 1476 344 1518 casum
358 1475 418 1536 quo
432 1457 577 1534 poeniaens
594 1454 753 1514 difficulter
766 1463 864 1532 posset
883 1458 999 1534 regredi
1020 1459 1057 1518 ad
1070 1478 1161 1538 supe·

153 1541 265 1602 aiorcut
279 1588 288 1616 ,
303 1551 333 1602 et
349 1540 450 1602 contat
462 1541 559 1618 gravis
576 1556 660 1598 causa
677 1548 796 1617 urgeret
816 1548 851 1599 ut
870 1542 1042 1616 paenitentia
1061 1552 1161 1603 mute·

152 1633 223 1697 tur,
251 1628 319 1705 quia
343 1636 415 1686 tunc
436 1625 650 1685 rationabiliter
670 1625 858 1701 praesumitur
880 1627 1039 1703 superioria
1056 1630 1162 1692 canni·

150 1710 250 1770 ventio
265 1712 362 1787 (Dicto
376 1729 408 1770 u.
422 1708 516 1787 bib).
531 1710 569 1768 V.
584 1710 651 1768 Non
663 1717 758 1786 potest
768 1711 877 1770 mutari
890 1711 1061 1787 paenitentia
1074 1722 1160 1774 extra

31 1863 40 1872 ¹
151 1794 364 1855 confessionem
378 1838 385 1862 ,
402 1812 440 1853 ne
452 1794 489 1853 ab
509 1794 572 1871 ipso
586 1792 707 1869 quidem
720 1793 917 1868 confessori03
935 1792 1050 1855 tantum
1063 1807 1161 1873 pateat

152 1876 207 1937 boa
222 1877 286 1937 fieri
300 1879 337 1937 ab
354 1879 406 1938 illo
420 1875 588 1936 immediati
601 1886 666 1953 post
678 1876 776 1936 datam
794 1878 1024 1947 absolutionem,
1036 1888 1160 1940 etanta-

150 1977 240 2041 quom
252 1963 399 2040 paenitens
409 1960 426 2020 b
437 1960 639 2021 confessionali
650 1960 884 2037 discedathitto
899 1980 931 2021 a.
947 1965 1015 2023 529.
1026 1962 1159 2041 lietb-5.)

190 2046 239 2106 fl.
256 2045 338 2106 Circa
355 2044 562 2105 satisfactiones
576 2044 607 2103 in
630 2045 800 2124 particulari
823 2046 1035 2123 imponendas,
1052 2047 1160 2108 adver-

152 2127 295 2199 tendum,
314 2128 541 2188 satisfactionem
554 2144 614 2186 non
630 2125 727 2188 saliam
738 2129 847 2189 debera
857 2147 920 2190 esse
934 2130 1157 2201 medicinalem,

150 2210 298 2272 sedetiam
310 2212 403 2290 culpis
412 2211 569 2289 preteritis
582 2212 814 2272 satisfactoriam.
823 2214 931 2291 Regula
941 2211 1047 2278 barum
1059 2217 1158 2292 tequi-

150 2297 190 2355 rit
204 2304 238 2355 ut
251 2296 443 2376 imponantur
455 2312 544 2372 opera
561 2312 680 2356 carnem
699 2297 861 2356 coercentia
879 2298 1071 2374 propeccatis
1088 2316 1158 2361 son·

150 2380 299 2449 sualibus,
320 2380 579 2458 eleimosynoopro
594 2381 720 2458 peccatis
731 2380 881 2450 avaritiae,
897 2382 992 2442 ovatio
1014 2381 1156 2458 problas·

150 2460 288 2542 pbemis,
309 2473 366 2524 etc.
390 2463 447 2524 Sed
466 2464 712 2525 considerandum
728 2463 801 2544 quid
816 2466 909 2542 magia
926 2465 1082 2543 expediat,
1102 2474 1156 2525 aut

149 2551 243 2628 magis
258 2549 332 2610 utile
349 2549 389 2609 sit
413 2549 581 2627 paenitenti.
597 2550 738 2622 Quamvis
753 2558 853 2610 autem
871 2548 999 2614 multae
1020 2550 1094 2614 utile
1114 2550 1156 2610 sit

149 2632 303 2711 imponere
318 2636 573 2694 Sacramentorum
587 2633 875 2709 frequentationem,
892 2634 1056 2698 orationem
1070 2651 1155 2700 maa-

148 2718 259 2789 talem‚
281 2726 312 2777 et
326 2718 544 2796 eleimmynm,
559 2714 753 2779 nibilominus
774 2717 871 2795 praxis
887 2715 977 2782 babet
993 2715 1044 2777 bas
1067 2716 1155 2777 reddi

150 2801 304 2861 damnosas
332 2803 390 2872 iis,
412 2802 465 2878 qui
489 2812 539 2860 aut
561 2799 637 2860 niltil
653 2810 705 2861 aut
725 2800 831 2877 pariam
859 2800 1027 2866 babuerunt
1045 2798 1155 2860 borum

150 2900 252 2944 usum.
266 2884 481 2944 Satiefaotiones
496 2885 583 2944 utiles
599 2885 763 2961 generatim
775 2902 830 2961 pro
847 2885 984 2946 amathas
997 2888 1043 2946 baa
1057 2883 1154 2948 soleut

150 2984 212 3029 esse
225 3011 234 3040 ,
248 2965 392 3028 nimirum
405 2969 554 3045 aggregari
572 2968 609 3027 ad
626 2968 757 3044 aliquam
778 2969 1058 3044 congregationem}
1077 2984 1155 3044 (tw-

149 3050 222 3112 libet
244 3051 360 3129 vesperi
382 3050 497 3128 (saltem
515 3051 553 3112 ad
570 3053 697 3129 tempas)
721 3060 819 3114 actum
844 3052 954 3114 doloris
980 3052 1105 3120 aliaeve,
1121 3059 1154 3109 et
1194 3096 1198 3100 .

148 3134 282 3213 quolibet
300 3151 387 3194 mane
403 3134 589 3213 propositum
605 3153 767 3205 renovare,
794 3134 920 3194 dicendo
942 3152 1011 3196 cum
1027 3136 1061 3200 S.
1074 3131 1153 3200 Plta‘-

149 3215 231 3299 tippo
242 3216 356 3279 Nerio.-
372 3217 520 3291 Domine,
542 3236 579 3279 ae
598 3216 720 3297 auferas
740 3217 824 3280 tatic
842 3226 1034 3284 manutere
1052 3219 1152 3294 dote,

148 3318 186 3363 tte
197 3304 243 3362 tut
252 3300 387 3383 proditor
397 3298 509 3382 efficiar
521 3326 533 3362 .·
543 3303 671 3364 Visitaae
679 3303 811 3379 quotidie
823 3303 1036 3366 sanctissimum
1048 3303 1153 3368 Stata-

149 3394 305 3460 mentum,
323 3395 353 3448 et
374 3386 534 3466 imaginem
554 3404 673 3465 quoque
693 3387 792 3450 Marisa
815 3380 1027 3459 arctissima,
1053 3384 1153 3448 abeis

150 3472 373 3551 perseverantiae
399 3473 525 3549 gratiam
548 3471 746 3550 postulando,
769 3470 882 3536 Rosarii
905 3472 1009 3532 saltem
1030 3468 1152 3532 tertiam

151 3563 283 3634 partem,
297 3562 330 3619 et
346 3564 393 3618 ter
404 3557 609 3619 minutionem
623 3555 784 3635 angelicam
801 3572 888 3618 mane
907 3562 938 3614 et
951 3552 1083 3635 vesperi,
1104 3550 1154 3611 di·
