2642 4167
317 197 344 279 ς.
359 199 411 259 Vi.
425 177 551 277 Affecurs
563 195 737 279 suqyerendi
756 198 790 258 io
809 218 910 278 equor.
1063 198 1117 259 rei

150 306 221 365 iesu
236 300 297 370 mi,
311 300 363 377 qui
374 303 442 358 mox
455 316 504 357 me
512 296 698 374 judicaturus
710 317 758 373 es,
777 318 865 379 parce
878 298 949 360 mihi
959 299 1118 378 antequam

106 388 235 469 judices,
248 386 272 443 Τ
274 402 291 444 e
305 401 373 443 amo
382 428 392 460 ,
407 394 437 443 et
455 386 523 460 quio
537 392 565 443 te
580 402 670 454 emo,
686 402 734 443 me
745 386 869 461 poenitet
883 395 911 444 te
923 383 1086 445 offendisse.

149 474 218 534 Jesu
236 471 277 530 mi
290 469 478 539 dulcissime,
493 487 530 528 ne
542 469 695 547 permittes
715 487 763 528 me
779 468 937 547 sepururid
952 478 991 529 ie.

149 557 275 635 Sanguis
288 556 375 625 iesu,
390 555 454 613 lava
468 572 527 614 me.
538 555 636 613 Passio
649 552 773 625 Christi,
787 554 865 613 salva
882 572 940 614 me.

148 642 186 701 ln
197 658 302 700 munus
317 648 380 698 tuas
391 682 399 707 ‚
410 639 552 705 Domine,
573 637 748 699 commendo
764 639 903 719 spiritum
913 655 1024 700 meum.

148 726 277 796 Moriar,
294 725 440 798 Domine,
455 734 487 783 ut
501 734 529 783 te
539 725 667 783 videam.

147 809 259 881 Maria,
273 811 369 869 iiiuier
379 809 453 880 Dei,
473 827 523 867 orn
536 809 637 867 iesum
647 826 701 885 pro
716 825 774 869 me.

147 895 216 955 iilos
230 903 298 957 tuos
315 892 518 953 misericordes
533 895 633 954 oculos
653 893 690 952 ad
714 912 767 953 nos
790 904 945 973 converte,
963 903 993 956 et
1015 898 1117 957 iesum

111 980 303 1043 benedictum
327 978 458 1038 fructum
477 979 590 1039 ventris
622 979 667 1037 tui
694 979 779 1040 nobis
806 991 871 1059 post
909 980 966 1042 hoe
993 983 1116 1044 exilium

107 1066 240 1127 ostende.
958 1134 966 1138 ⁸

147 1150 299 1220 Oiiariu,
315 1166 395 1208 nune
410 1155 526 1225 ternpus
538 1156 582 1208 est
594 1147 753 1210 auxiliandi
763 1165 882 1211 servum
899 1159 997 1211 tuum.

147 1237 242 1296 Meter
255 1251 342 1304 meu,
357 1251 394 1292 ne
405 1233 591 1310 derelinquas
604 1251 663 1292 me.

145 1317 334 1397 Operadise‚
354 1317 509 1395 opuiehra
525 1317 637 1397 patrie,
651 1316 670 1378 ὀ
684 1317 793 1378 amoris
811 1321 928 1397 petrin,
943 1321 1062 1406 quondo
1084 1331 1115 1385 to

109 1404 240 1466 ridebo?

146 1490 226 1548 Deus
238 1505 323 1547 meus
336 1530 344 1558 ,
359 1486 547 1564 quandonam
563 1486 635 1547 iueie
646 1486 683 1545 nd
699 1486 804 1546 ieeiem
817 1497 847 1546 te
866 1489 998 1550 amabo?

145 1572 356 1648 Quandonum,
375 1572 444 1635 Jesu
467 1572 532 1642 mi,
552 1581 581 1632 te
601 1589 662 1631 non
677 1567 805 1648 emplius
820 1573 976 1632 emittendi
996 1593 1115 1636 securus

109 1664 180 1722 cro?

145 1746 224 1804 Deus
239 1760 342 1817 meus,
357 1749 387 1800 et
403 1742 515 1800 omnia.

146 1832 309 1890 Contentus
335 1844 401 1886 sum
426 1826 526 1887 omniu
550 1825 709 1899 amittere,
733 1830 769 1884 ut
790 1822 941 1903 acquiram
958 1836 1011 1902 te,
1035 1828 1115 1892 Deus

108 1930 202 1976 meus.¹

145 2006 225 2063 Deus
237 2016 340 2066 meus
358 2005 479 2078 propter
494 1975 625 2058 amorem
641 1997 710 2057 iesu
724 1996 865 2059 miserere
885 2000 955 2061 mei.

145 2089 230 2148 Dine
241 2102 309 2153 me,
319 2084 483 2152 Domines
476 2101 507 2142 m
520 2084 683 2160 purgatorii
698 2084 817 2162 ignem,
836 2101 888 2161 per
897 2088 1113 2169 quantumvis,

109 2174 168 2235 noli
182 2183 282 2232 temen
296 2168 327 2227 in
338 2168 505 2238 infernum,
521 2168 572 2227 ubi
584 2177 612 2227 te
621 2186 720 2228 umere
732 2186 793 2228 non
811 2186 939 2246 possum.

142 2260 167 2319 Τ
168 2277 185 2319 e
192 2274 265 2335 ergo
277 2271 454 2333 quesumus,
466 2253 524 2313 tuis
532 2253 648 2313 famulis
657 2254 783 2316 subveni
793 2297 802 2327 ‚
812 2272 886 2333 quos
899 2258 1029 2333 pretioso
1037 2260 1113 2320 Sun-

110 2360 196 2423 gurne
206 2340 369 2402 redemisti

143 2431 264 2491 AEterne
278 2429 355 2485 Deus
363 2442 489 2503 ‚‚spero
509 2434 539 2485 et
555 2427 641 2503 cupio
654 2428 687 2485 in
707 2403 850 2487 ueternum
868 2436 897 2484 te
910 2445 1018 2487 umore.

144 2517 239 2576 Amor
254 2529 337 2573 meus
349 2510 506 2572 erueifixus
519 2520 573 2572 est.
586 2513 669 2572 iesus
689 2530 792 2582 meus,
812 2528 895 2570 umor
907 2531 990 2571 mous
999 2530 1055 2591 pro
1065 2529 1113 2573 me

112 2610 245 2661 mortuus
263 2604 319 2657 est.

56 2745 65 2761 ,
143 2686 243 2754 Deus,
256 2701 288 2743 ιιι
300 2677 479 2758 adiutorium
491 2699 592 2743 meum
603 2679 747 2740 intende
761 2678 899 2750 Domine,
918 2680 955 2739 ud
971 2677 1112 2756 adjuven-

111 2770 196 2841 dum,
216 2778 272 2829 etc.

144 2860 350 2917 Puteraeterne
359 2864 503 2934 ‚propter
514 2869 646 2914 umorem
658 2847 843 2910 resucmisri
854 2847 891 2908 da
900 2847 973 2911 mihi
986 2849 1112 2930 graiium

111 2951 198 3001 tuum.
214 2943 258 3000 'l'e
269 2957 355 3010 amo
377 2959 426 3000 me
440 2942 576 3020 poennet

144 3025 311 3099 Quomodo
307 3043 429 3103 possum
438 3026 476 3085 de
485 3034 527 3084 [οι
538 3022 684 3099 tantisque
693 3018 915 3097 beneficiisquae
923 3018 996 3080 milri
1006 3019 1110 3093 iecisti,

111 3110 185 3169 Deus
197 3128 301 3181 meus,
318 3110 371 3169 tibi
386 3111 548 3189 rependere
560 3109 688 3187 gratius?
699 3125 785 3187 spero
795 3105 826 3166 in
836 3116 982 3166 eternum
993 3107 1025 3166 in
1037 3106 1110 3166 eoelo

26 3207 28 3212 ⁴
114 3195 165 3256 libi
177 3195 286 3274 gratius
298 3212 396 3273 ogere.

148 3282 253 3352 Murio,
275 3281 368 3340 muer
379 3280 499 3357 gretie,
514 3282 606 3340 Meter
618 3276 845 3348 misericordie,
859 3285 916 3337 ete.

149 3365 286 3425 Miserere
297 3362 375 3435 mel,
387 3365 486 3437 Deus,
499 3364 660 3424 secundum
672 3380 807 3441 magnum
820 3406 829 3434 ‚
842 3371 898 3422 ete.

151 3448 360 3509 Misericordiae
373 3449 494 3512 Domini
507 3451 540 3512 in
558 3460 703 3513 eternum
715 3446 848 3509 euntubo.

157 3702 235 3760 Your.
248 3701 307 3763 IX.
