2642 4167
388 176 926 258 §.lll.·Prcciaorotioniaosculatio.
1103 187 1160 249 ttt

29 272 30 293 ¹
140 277 248 339 bilitcr
262 277 377 338 intento
400 279 551 339 attendere
569 279 598 339 id
618 282 696 357 quod
719 283 798 342 Deus
816 285 848 343 in
863 302 895 344 se
914 289 1061 362 operatur.
1078 286 1157 348 dlio-

139 364 219 441 quin
243 363 394 423 obstaculo
418 374 513 440 posset
534 381 596 422 csse
613 364 720 426 divinae
740 369 916 444 operationi.
933 371 1055 447 Insuper
1073 380 1157 432 note·

138 456 212 515 tur,
236 447 415 524 ntiadvertit
433 448 465 506 S.
490 448 666 510 Franciacua
691 447 850 520 salesius,
874 450 995 529 quodsi
1026 472 1155 531 tanqum

137 533 273 608 Spiritus
290 532 381 591 sancti
403 530 501 590 afflatu
526 550 609 592 mens
636 543 737 595 nostra
767 537 803 594 ad
827 537 956 614 aliquem
978 536 1091 597 bonurn
1113 539 1156 598 al·

136 617 251 676 lectum
272 627 341 677 ante
362 615 623 677 considerationem
637 621 779 679 concitata
797 620 909 690 suerit,
926 628 1018 691 tunc,
1038 620 1156 698 postha-

138 699 203 759 utta
226 701 483 770 consideratione,
503 700 584 760 locus
603 700 717 763 dandus
735 713 779 763 cst
795 704 963 771 affectibus,
979 722 1048 763 nam
1065 705 1156 765 consi·

139 784 259 845 doratio
268 784 343 845 adid
354 785 533 856 deservit‚ut
544 785 665 846 affectus
680 790 866 851 concitentur
881 808 890 847 r
906 806 1018 867 quare,
1034 789 1155 850 obtento

139 869 224 940 linc,
239 869 372 930 medium
387 870 655 947 derelinquendum
674 881 730 932 est.

177 959 252 1017 Μ
267 957 341 1016 item
352 957 539 1034 summopere
551 958 636 1033 jurat
648 960 804 1036 petitiones
817 960 849 1020 in
863 961 996 1022 oratione
1008 969 1154 1039 repetere,

138 1058 217 1100 cum·
230 1039 423 1116 humilitate,
449 1048 483 1100 ct
497 1042 604 1102 tiducia
627 1043 810 1120 exposcenda
834 1043 851 1103 a
874 1047 936 1104 Deo
957 1063 1044 1105 suum
1064 1046 1155 1122 ipsius

137 1123 267 1199 luinen3
292 1133 477 1202 peccatorum
500 1127 727 1198 remissionem,
755 1128 1003 1206 perseverantiam
1018 1173 1027 1202 ,
1045 1127 1154 1189 bonam

138 1218 272 1268 mortem
285 1252 294 1279 ‚
308 1208 497 1286 paradisum,
521 1219 551 1268 et
568 1210 718 1287 inprimis
735 1211 847 1271 donum
866 1214 913 1272 sui
926 1213 1019 1272 sancti
1033 1213 1151 1272 amoris.

138 1292 325 1351 llortahatur
343 1293 375 1352 S.
397 1291 573 1354 Franciacoa
593 1290 728 1354 Solcsiua
747 1296 826 1355 inter
840 1305 958 1355 caetcras
977 1296 1084 1373 gratias
1106 1312 1154 1373 po·

137 1375 311 1435 stulandam
319 1393 380 1435 csse
390 1394 457 1435 cum
468 1377 559 1436 animi
573 1376 787 1438 vehementiori
806 1379 922 1439 servare
939 1378 1031 1438 divini
1046 1379 1155 1439 amoris

138 1460 291 1537 gratiam,
313 1462 382 1537 quia
398 1460 516 1539 (ajebat)
536 1462 659 1522 obtento
681 1479 798 1537 amore,
825 1480 928 1522 omnes
950 1463 1073 1539 reliquae
1087 1479 1154 1539 gra·

137 1546 193 1603 tioe
211 1544 396 1604 obtinentur.
410 1547 504 1622 Igitur
525 1547 670 1606 sufficiens
690 1548 748 1606 crit
763 1548 889 1614 animae,
909 1546 933 1604 si
953 1555 1076 1624 propter
1093 1546 1154 1621 spi·

139 1626 219 1687 riuis
234 1627 445 1689 desolationem
464 1632 495 1689 in
507 1649 564 1709 qua
580 1632 746 1711 reperitur,
762 1631 843 1689 aliud
853 1631 947 1688 facere
962 1646 1022 1687 non
1038 1636 1152 1704 possct,

138 1711 290 1773 sufficiens
302 1712 390 1790 (dico)
407 1715 435 1773 ci
452 1716 510 1775 erit
524 1760 532 1786 ,
547 1725 583 1775 ut
601 1723 715 1792 repetat
727 1712 804 1772 hanc
823 1711 943 1771 Doridis
956 1710 1126 1788 petitionem
1141 1729 1150 1768 ε

138 1797 245 1868 Deru,
270 1798 305 1858 in
324 1796 508 1878 adjutoriam
523 1817 620 1860 mcum
633 1796 750 1859 intende
761 1820 773 1872 ‚·
785 1795 933 1865 Domine,
958 1793 1068 1875 adjuva
1089 1811 1152 1866 oce,

138 1877 255 1958 sestiaca
270 1880 348 1941 mitt
371 1880 527 1943 auxiliari.
552 1883 674 1944 Dicebat
696 1884 767 1943 Vca.
793 1881 832 1941 P.
855 1875 971 1939 Paulus
986 1878 1105 1958 Sopatri
1122 1895 1153 1938 sc

138 1966 324 2043 experientia
343 1965 496 2042 didicisse,
517 1969 634 2027 nullum
658 1966 739 2025 aliud
757 1963 929 2024 exercitium
954 1981 1015 2023 cssc
1040 1964 1152 2022 anima·

140 2046 198 2107 hus
214 2049 319 2108 utilius
333 2049 365 2109 in
376 2050 565 2111 meditatione
579 2048 688 2128 ,quam
698 2047 808 2108 iterum
820 2057 908 2126 atque
919 2045 1027 2107 iterum
1039 2055 1150 2124 petere,

140 2132 315 2194 innomine
341 2135 402 2193 sive
424 2153 478 2214 per
506 2138 611 2196 merita
637 2136 706 2194 Jesu
730 2133 863 2205 Christi,
888 2135 939 2211 qui
963 2133 1048 2192 nobis
1069 2132 1152 2193 illam

140 2234 279 2296 magnam
286 2217 507 2298 jucundamque
517 2220 740 2298 promissioncm
749 2217 816 2277 tecit
826 2261 834 2289 ‚
846 2226 880 2277 ut
892 2216 1025 2295 superius
1038 2217 1151 2277 dictum

141 2307 208 2360 cst:
228 2302 340 2375 Amen,
358 2319 444 2362 omen
460 2302 526 2371 dico
538 2302 644 2377 ‘uobia',
666 2300 786 2382 siquid
808 2301 954 2382 petieritis
974 2302 1096 2361 Putrem
1116 2299 1152 2359 ait

140 2390 264 2446 nomiae
279 2402 356 2460 meo,
377 2384 461 2446 dabit
477 2384 570 2447 cotia.
640 2404 643 2411 ’
706 2392 707 2395 ’

178 2468 250 2530 225.
267 2470 341 2528 ltcm
355 2470 493 2547 expedit,
511 2471 542 2530 in
563 2471 697 2531 oratione
712 2514 721 2540 ‚
735 2470 839 2529 saltem
859 2469 892 2529 in
908 2467 1002 2547 ipsius
1015 2465 1077 2525 tine
1096 2465 1149 2525 ali·
1222 2514 1227 2525 ,

142 2552 214 2630 quid
235 2551 418 2622 deliberare,
441 2572 502 2614 non
527 2553 623 2615 solum
644 2557 677 2614 in
697 2570 822 2632 genere,
845 2561 882 2610 ut
901 2553 1012 2610 evitare
1030 2565 1150 2609 omnem

142 2638 259 2715 culpam
272 2635 463 2696 deliberatam
483 2639 574 2697 etiam
589 2639 706 2706 levam,
725 2646 798 2694 etse
818 2641 914 2693 totum
928 2635 990 2691 Deo
1016 2631 1151 2692 commit·

140 2728 204 2780 tere
215 2741 224 2795 3
237 2719 289 2779 scd
307 2721 399 2780 ctiam
415 2720 446 2780 in
462 2721 652 2800 particulari,
668 2728 702 2778 ut
717 2727 762 2777 est
783 2713 945 2774 accuratius
964 2716 1076 2773 evitare
1096 2715 1151 2773 ali-

143 2822 233 2882 quem
252 2804 423 2875 delectum,
442 2807 474 2865 in
494 2822 584 2883 quern
613 2800 720 2881 soepiiis
740 2797 885 2873 offendit,
907 2804 959 2896 aut
980 2795 1150 2873 vigilantius

143 2888 295 2948 attendere
315 2888 352 2948 ad
373 2889 504 2967 aliquam
530 2889 692 2958 virtutem,
714 2885 791 2944 circa
817 2900 907 2960 quam
937 2881 1151 2958 frequentiores

142 2970 232 3032 habet
251 2974 417 3034 occasiones
440 2991 471 3033 se
487 2973 665 3043 exercendi,
684 2979 719 3029 ut
734 2967 878 3028 tolerandi
900 2966 1024 3040 alicujus
1045 2965 1153 3039 malosi

144 3057 215 3128 tias,
236 3057 289 3116 tali
305 3060 471 3135 superiori,
485 3068 536 3116 aut
549 3058 600 3116 tali
619 3056 728 3135 regula
745 3049 916 3131 diligentius
931 3047 1087 3110 obediendi
1099 3091 1108 3119 ,
1120 3057 1151 3108 ct

143 3139 239 3217 majus
259 3140 392 3201 studium
405 3139 564 3201 adhibendi
580 3186 589 3213 ‚
607 3150 641 3201 ut
656 3143 688 3199 iu
706 3140 756 3199 tali
773 3146 804 3198 et
818 3138 869 3196 tali
886 3155 920 3196 re
940 3132 1083 3228 desideria
1097 3150 1150 3195 sua

144 3223 279 3285 cohibeat
295 3246 304 3300 3
323 3233 354 3285 ct
381 3225 419 3283 ab
438 3226 571 3286 oratione
595 3242 656 3285 non
677 3221 887 3284 discedendum
905 3219 962 3278 nisi
979 3214 1090 3294 aliquid
1117 3217 1150 3275 in

143 3309 316 3384 particulari
339 3307 537 3369 deliberatum
549 3310 598 3368 sit.
1048 3326 1053 3341 *

183 3393 252 3450 Μ.
270 3389 399 3452 Dcmilm
411 3394 558 3454 conclusio
571 3393 713 3455 orationis
724 3391 820 3451 tribus
833 3388 945 3448 actibus
954 3383 1147 3445 terminatur:

148 3476 178 3533 l.
190 3474 299 3533 Gratiae
320 3477 384 3535 Deo
404 3483 530 3554 agantur
557 3475 595 3535 de
611 3475 750 3536 omnibus
768 3469 1013 3534 illustrationibus
1035 3468 1150 3546 quaein
1236 3492 1238 3495 ·

148 3555 342 3706 trepitatialnla(
356 3567 481 3639 acceptae
495 3568 577 3622 suot.
593 3561 623 3622 2.
640 3560 828 3638 Proponatur
842 3573 945 3619 omncs
957 3551 1149 3698 ¹dholibcratio·

217 3654 275 3700 ona.
342 3681 350 3700 .
