2642 4167
297 237 309 251 ”
393 251 731 333 Deinterropotiouibua
747 249 905 332 faciendis.
1112 255 1149 316 tl

146 360 273 419 Curatur
286 355 391 416 saltem
409 363 500 427 tune,
518 372 624 433 nempe
644 353 712 415 edm
733 364 830 432 potest
851 353 965 414 differri
981 352 1151 429 restitutio,

143 442 267 503 suadire
280 440 456 520 poenitenti,
475 448 508 499 nt
525 438 688 499 identidem
705 440 845 517 paulatim
865 441 1018 512 restituat,
1031 450 1083 500 aut
1096 442 1153 501 ali·

142 544 234 604 quem
248 525 380 585 laborem
399 523 501 599 faeiat,
517 529 569 582 aut
585 522 704 601 aliquod
717 524 829 584 donum
843 523 1000 602 aliquando
1012 524 1150 586 creditori

141 608 259 670 offerat.

179 695 229 752 44.
245 692 388 753 Possibile
408 690 456 752 hle
474 699 589 751 nonest
611 707 713 749 omnes
727 691 874 750 doetrinae
884 692 963 751 seito
981 693 1057 753 eirea
1074 692 1150 756 hene

140 777 296 837 materiam
315 777 512 837 restitutionis
532 776 727 844 necessarias,
748 792 814 851 quae
829 785 873 835 est
893 777 933 835 ita
956 776 1014 837 late
1027 787 1149 856 patene,
1200 794 1204 801 ’

139 870 170 921 et
191 861 354 940 implicita,
381 857 491 920 iterum
516 868 660 936 repetere.
685 859 865 918 Observetur
886 869 1040 938 propterea
1069 862 1150 938 quod

137 944 233 1006 fusius
248 946 278 1003 in
297 944 394 1022 Opere
412 951 510 1003 aetum
524 952 578 1001 est.
592 941 784 1003 Solummodd
797 940 845 1003 hie
855 944 935 1004 lubet
955 963 1043 1022 panea
1056 964 1151 1008 enno·

137 1034 223 1099 tare,
237 1046 303 1105 quae
321 1027 493 1104 frequenter
514 1025 651 1085 accidunt
661 1071 671 1100 ,
683 1035 712 1086 et
730 1044 795 1103 quae
809 1028 901 1105 magis
912 1027 948 1087 ad
959 1030 1073 1107 praxim
1086 1048 1150 1107 per·

137 1113 249 1172 tinent.
263 1113 300 1171 Et
313 1114 342 1171 l.
357 1110 431 1172 Cum
452 1110 559 1187 aliquis
578 1111 609 1168 in
630 1112 769 1170 comitatu
785 1112 911 1171 aliorum
933 1113 1166 1189 iuratumivit,.

138 1186 335 1273 adjudicium
355 1192 544 1254 formandum
561 1194 585 1253 si
601 1194 663 1271 ipse
681 1194 718 1252 ad
734 1203 829 1254 totum
841 1195 984 1256 damnum
1001 1206 1147 1273 teneatur,

138 1297 177 1338 an
191 1297 268 1351 non,
292 1278 537 1356 distinguendum
557 1286 623 1336 est:
645 1279 669 1337 si
694 1279 744 1337 ille
763 1278 844 1339 merie
865 1279 882 1339 it
901 1282 985 1342 sociis
1011 1282 1147 1343 inductus

136 1362 257 1434 iuit‚et
280 1363 345 1423 sine
366 1363 430 1441 ipso
449 1362 511 1438 jam
528 1362 641 1422 turtum
665 1363 834 1436 accidisset,
854 1364 957 1427 eodem
972 1367 1061 1427 modo
1087 1384 1147 1445 quo

137 1447 261 1520 accidit,
287 1466 349 1509 non
371 1447 522 1508 tenebitur
546 1449 582 1508 ad
604 1448 683 1507 aliud
703 1448 937 1520 restituendum,
958 1450 1145 1529 quinquae

136 1532 190 1593 ille
201 1532 356 1610 surripuit.
371 1531 401 1589 Si
416 1540 514 1591 autem
535 1532 720 1592 concorditer
734 1532 865 1611 (alternis
875 1535 931 1593 sibi
951 1536 1064 1593 animos
1078 1535 1147 1594 inei·

136 1616 279 1693 tentibus)
301 1614 509 1675 adiuuandum
523 1616 651 1691 iverint3
665 1624 736 1675 tune
749 1617 875 1693 quisque
886 1623 1004 1675 tenetur
1023 1615 1055 1673 in
1076 1616 1146 1677 soli·

136 1699 209 1758 datm
222 1700 259 1758 ad
270 1699 490 1758 restitutionem
509 1696 543 1777 (l.
558 1702 588 1758 4.
602 1718 634 1759 a.
649 1701 717 1759 579.
731 1717 760 1758 a.
776 1699 902 1772 Quina).
916 1699 958 1756 lta
969 1698 1001 1756 in
1013 1696 1145 1777 theorie3

135 1781 189 1843 sed
208 1784 241 1843 in
260 1783 343 1862 praxi
358 1782 467 1852 rudes,
486 1785 649 1861 praesertim
664 1784 708 1842 illi
726 1783 778 1861 qui
799 1781 904 1861 partlm
917 1785 1147 1848 suntmetieulo·

135 1887 177 1928 sae
189 1867 390 1939 eonscientiae,
402 1866 561 1927 difficulter
570 1867 687 1927 struderi
700 1876 822 1945 possunt
836 1867 928 1927 teneri
942 1868 978 1927 ad
991 1870 1144 1931 restituen-

135 1952 228 2020 dum,
243 1950 323 2028 quod
340 1950 377 2009 ab
399 1951 464 2009 aliis
486 1961 638 2029 acceptum
663 1962 736 2010 est:
759 1960 790 2010 et
811 1950 933 2025 contri,
953 1953 1066 2014 domiui
1087 1955 1143 2033 ipsi

134 2036 267 2096 conteuti
281 2043 351 2092 sunt
364 2033 402 2093 de
424 2035 561 2111 portione
582 2035 705 2094 illorum
719 2035 757 2094 ob
769 2035 915 2113 idipsum,
929 2036 1008 2114 qudd
1027 2040 1050 2098 si
1065 2040 1142 2100 obli·

134 2129 245 2199 gantur
263 2117 299 2176 ad
318 2126 435 2191 totum,
458 2119 582 2179 faciliter
601 2120 756 2178 restituere
779 2120 937 2192 omittant,
961 2141 1021 2182 non
1045 2122 1141 2185 soltlm

132 2202 217 2281 quod
230 2201 279 2261 alii
294 2212 489 2280 aeceperunt,
503 2204 653 2263 sedetiam
667 2203 746 2281 quod
757 2214 930 2282 aeceperunt
942 2207 1007 2283 ipsi.
1021 2208 1143 2285 Propte-

131 2305 184 2347 rea
197 2286 389 2346 confessarius
401 2286 428 2345 ei
441 2288 515 2347 seire
527 2287 612 2347 saciat
628 2306 658 2348 se
670 2288 763 2349 teneri
773 2288 809 2348 ad
821 2290 1038 2350 restitutionem
1050 2335 1059 2363 ,
1070 2293 1143 2369 quin

131 2371 259 2450 explicet
281 2371 493 2447 quantitatem,
514 2374 670 2432 restituere
688 2373 797 2432 taciens
815 2382 960 2451 quantum
981 2394 1033 2434 sna
1061 2378 1141 2442 illius

131 2457 310 2518 conscientia
328 2455 419 2515 dietat
432 2456 488 2533 (tt.
504 2458 537 2516 ia
548 2456 604 2535 fin.
616 2466 645 2517 et
655 2460 740 2517 duct.
757 2461 899 2518 lustrent.
912 2477 966 2536 pro
978 2458 1140 2539 eonfeeear.

129 2558 279 2623 paporum
287 2585 297 2614 ‚
312 2559 336 2599 e.
350 2538 404 2616 8.).
417 2542 447 2600 2.
472 2542 712 2612 Advertendum,
727 2543 877 2602 neminem
892 2544 984 2603 teneri
1007 2546 1042 2603 ud
1064 2545 1143 2605 dnm·

132 2642 210 2683 num
224 2624 338 2683 illatum
353 2625 567 2687 restituendum
581 2669 590 2697 ,
606 2627 630 2685 si
647 2625 722 2684 nihil
742 2625 798 2684 sibi
818 2626 953 2684 utilitatis
976 2628 1095 2697 evenit,
1116 2631 1141 2688 si

130 2710 207 2770 illud
222 2708 363 2768 damnum
377 2711 482 2771 saltem
500 2713 533 2770 in
554 2711 676 2770 contuso
690 2726 751 2768 non
770 2708 907 2784 previdit
919 2707 995 2785 (tit.
1016 2712 1045 2768 4.
1057 2729 1140 2772 nam.

129 2796 201 2854 515.
224 2793 257 2852 in
277 2793 368 2872 fia.),·
392 2804 444 2854 aut
468 2796 524 2855 nisi
544 2813 598 2873 per
617 2792 726 2868 judicis
747 2792 922 2852 senteutiam
943 2793 979 2852 ad
999 2792 1142 2856 damnum

128 2878 326 2939 reficiendum
342 2880 500 2939 muletatus
514 2880 604 2939 luerit
619 2876 697 2956 (Lib.
713 2880 742 2938 l.
756 2898 788 2939 a.
805 2879 873 2938 too.
896 2877 930 2938 t'o
945 2878 1003 2959 fin.
1020 2889 1047 2941 et
1070 2877 1091 2940 Ι.
1110 2884 1140 2942 4.

129 2981 166 3023 a.
180 2964 248 3021 554.
260 2963 294 3021 ia
305 2960 386 3040 fin).
399 2965 429 3022 3.
444 2966 475 3023 Si
489 2965 603 3023 suetum
624 2972 668 3022 est
681 2964 847 3035 incertum,
862 2981 969 3043 nempe
984 2966 1008 3024 si
1030 2967 1139 3027 ineerta

128 3055 177 3106 est
190 3063 312 3124 persona
325 3047 372 3105 eui
393 3047 509 3107 illatum
527 3056 572 3107 est
584 3048 725 3107 damnum
735 3092 743 3118 ,
755 3049 928 3126 obligandus
940 3056 984 3109 est
995 3053 1142 3127 paenitens

128 3130 169 3189 ad
188 3131 425 3201 restituendum,
442 3139 494 3190 aut
517 3132 619 3191 missas
643 3133 791 3192 celebrare
815 3135 969 3205 iaciendo,
990 3142 1042 3194 aut
1064 3137 1141 3197 eleti-

126 3229 269 3291 mosynas
283 3215 482 3292 pauperibuS,
499 3224 550 3274 aut
564 3216 618 3292 piis
629 3216 700 3275 locis
714 3217 882 3295 elargiendo
896 3218 975 3295 (dib.
987 3223 1016 3279 4.
1026 3240 1057 3281 n.
1070 3224 1139 3282 589.

127 3297 165 3357 in
180 3297 251 3377 sin.)
260 3322 273 3375 ,·
297 3306 327 3358 et
344 3301 368 3359 si
391 3302 454 3379 ipse
475 3318 588 3377 pauper
604 3308 648 3360 est
660 3345 669 3372 ,
683 3310 779 3379 potest
796 3301 852 3360 sibi
869 3312 920 3360 aut
939 3320 1000 3363 suae
1020 3306 1139 3368 familie

126 3383 278 3460 applicare
297 3379 331 3459 (i.
346 3402 371 3443 e.
384 3403 417 3443 a.
433 3385 526 3459 672).
541 3383 598 3442 Sed
619 3385 643 3443 si
663 3403 787 3463 persona
801 3394 845 3443 est
858 3393 954 3454 certa,
967 3385 1054 3447 debet
1069 3388 1140 3451 huie

123 3465 196 3525 fieri
210 3466 376 3543 restitutio;
390 3485 481 3544 quare
500 3467 612 3527 mirum
631 3470 752 3545 quidem
768 3476 812 3527 est
829 3476 873 3527 tot
887 3470 1012 3545 reperiri
1028 3475 1099 3532 eous
1125 3504 1140 3519 ·

122 3549 223 3609 sorios
245 3559 306 3609 tam
332 3551 505 3629 imperitos,
527 3552 816 3630 qui,ei1mseiatur
841 3555 907 3631 quis
924 3556 962 3614 sit
989 3556 1135 3629 creditor,

121 3635 344 3712 poenitentibus
366 3637 546 3715 imponunt,
567 3646 601 3697 ut
620 3637 658 3697 de
682 3632 716 3697 re
734 3638 912 3699 restituenda
937 3639 1135 3719 eleemosynas
