2642 4167
307 228 313 237 .
406 199 456 259 lle
473 195 609 277 opertbtes
619 197 772 259 Bmedett
780 200 828 260 Xl
835 202 870 261 V
1083 202 1136 263 stt

131 302 304 383 participem
319 300 424 363 reddat
436 303 597 379 gratiarum
605 302 738 378 jubilaei,
752 312 783 361 et
794 321 830 362 ex
841 310 928 382 parte
938 305 1033 365 altere
1044 309 1139 383 puerti-

134 397 198 449 tens
214 406 249 448 so
267 386 378 465 obliget
395 385 433 445 ad
451 386 564 482 reliqua
586 405 674 465 opera
695 388 868 464 praestanda

135 476 281 534 Praeter
292 470 526 551 prenitenttarros
535 472 742 543 Basilicarum
752 479 782 531 et
791 471 1140 534 alresiCardmaerrca·

75 570 77 575 ’
132 559 179 618 rio
200 558 355 635 deputatos
371 574 430 634 pro
452 573 530 614 anno
551 565 673 624 sancto,
692 563 762 616 sunt
784 557 874 617 etiam
886 559 988 616 Romae
999 559 1050 618 alii
1070 576 1141 619 con·

131 643 243 704 fcssarii
264 641 425 710 ordinarii,
447 658 484 699 ex
504 640 613 716 quibus
630 641 681 699 alii
703 641 852 718 regulares
862 650 951 717 sunt3
963 652 993 702 et
1005 661 1040 702 ex
1053 660 1141 721 regu-

131 727 245 789 laribus
262 726 312 786 alii
331 722 348 783 b
366 724 427 784 suis
445 724 646 801 superioribus
666 724 900 785 destinanturad
916 742 983 786 suos
998 744 1142 805 cooregu·

130 813 208 873 lares
227 809 432 872 auscultandus
452 810 484 868 in
504 809 704 884 confessione3
723 810 773 869 alii
786 810 858 871 rerd
876 809 1054 887 regularesb
1070 814 1141 871 Car·

130 897 225 959 diuali
239 897 355 957 Vicario
368 913 423 971 pro
436 893 615 971 excipiendis
633 893 818 954 secularium
840 896 1072 959 confessionibus
1088 914 1141 974 ap·

130 982 307 1062 probantur.
326 980 378 1037 llis
398 977 548 1056 postrcmb
568 978 746 1038 deordinali
761 979 879 1038 vicario
902 979 1071 1057 approbatis
1092 997 1141 1062 re-

130 1073 235 1143 speetu
249 1081 369 1124 suorum
382 1062 621 1138 conregularium
635 1080 777 1123 concessae
795 1071 864 1122 sunt
884 1063 1054 1134 facultates,
1075 1058 1142 1142 quaa

130 1150 245 1211 dantur
265 1147 447 1208 confessariis
469 1147 675 1220 saecularium,
699 1146 840 1231 adjecta
832 1166 952 1226 rnsupcr
974 1148 1031 1207 illis
1052 1150 1143 1208 facul·

129 1244 195 1296 tate
206 1231 392 1310 dispensandi
413 1230 450 1289 ab
466 1231 684 1307 irregularitate
696 1232 735 1291 ob
750 1233 938 1292 violationem
952 1249 1144 1292 censurarum

130 1317 267 1387 incursat,
279 1313 442 1375 dummodo
461 1315 500 1373 sit
517 1314 650 1374 occulta
642 1358 651 1389 ‚
665 1333 732 1392 quae
750 1323 848 1375 tamen
863 1315 984 1375 facultas
996 1334 1056 1375 non
1073 1334 1143 1394 sup·

128 1403 207 1482 petit
230 1400 289 1459 illis
313 1398 516 1476 regularibus,
540 1398 594 1475 qui
617 1397 734 1459 uatum
758 1397 776 1458 b
797 1400 950 1482 superiore
973 1417 1028 1459 suo
1048 1399 1142 1477 depu-

128 1487 185 1547 tati
202 1491 282 1544 sunt·

170 1570 229 1644 Qui
246 1566 318 1628 verb
336 1565 514 1627 deordinali
526 1566 645 1627 Vicario
662 1577 832 1629 cousuetam
849 1568 1017 1628 facultatem
1032 1566 1143 1629 hubent

129 1652 272 1716 audiendi
289 1651 499 1711 confessionem
509 1694 517 1720 ‚
528 1668 583 1710 nec
592 1662 663 1710 sunt
673 1654 837 1728 specialiter
849 1652 981 1727 deputati
996 1670 1050 1729 pro
1063 1670 1142 1711 anno

127 1748 250 1810 sancto,
269 1736 327 1795 illis
348 1735 449 1794 eadem
469 1734 590 1794 facultas
607 1735 701 1811 quoad
723 1736 876 1795 saeculares
888 1744 1036 1806 remanet,
1052 1754 1142 1814 quam

127 1822 218 1904 priris
235 1821 427 1895 obtinebant,
440 1837 537 1896 neque
554 1820 635 1878 enim
654 1820 806 1896 suspensio
824 1819 1015 1889 facultatum,
1030 1839 1096 1897 quae
1108 1820 1143 1881 fit

128 1910 168 1970 in¹
186 1924 266 1967 anno
288 1904 426 1975 lubiloei,
446 1902 636 1963 confessarios
660 1903 742 1962 urbis
766 1904 866 1963 Rome
890 1901 1140 1982 comprehendit·

129 1991 218 2072 quod
235 1988 324 2049 babet
345 1989 443 2048 locum
464 1988 555 2046 etiam
576 1988 608 2045 in
628 1985 823 2064 regularibus.

170 2076 241 2135 llaec
261 2073 360 2133 omnia
377 2069 511 2130 Pontifex
526 2068 585 2131 late
605 2071 748 2149 explicat,
762 2080 792 2131 et
805 2071 949 2150 exponit
941 2090 972 2132 m
983 2074 1035 2133 sod
1047 2076 1144 2172 Ency-

126 2158 226 2229 clici,
240 2155 518 2235 adpoenitentiarios
531 2155 1141 2238 etconfessariosurbis‚Interproetuitoa.

126 2244 176 2306 Ad
201 2202 276 2302 libne
295 2239 479 2318 Eneyelicam
499 2241 713 2301 recurrendum
735 2240 824 2301 edicit
846 2242 1006 2302 Pontifex
997 2263 1028 2303 ιη
1051 2246 1144 2306 altcrd

126 2325 286 2405 Encyetiet
298 2321 524 2384 Celebrotronem
536 2323 641 2406 magni
652 2344 707 2404 pro
723 2327 893 2386 extensione
902 2326 1015 2403 jubilaei
1026 2327 1063 2385 ad
1075 2330 1145 2388 uui·

126 2427 254 2472 versum
273 2408 388 2468 orbem.

168 2498 207 2555 ln
235 2493 325 2553 alteri
358 2492 466 2564 bulla,
498 2510 565 2569 quae
594 2492 764 2552 continetur
793 2495 825 2554 in
858 2495 935 2554 Rull.
972 2496 1144 2558 conceditur

126 2577 259 2639 infirmis
281 2577 435 2654 utriusque
461 2574 567 2649 sexais,
599 2577 798 2649 monialibus,
824 2578 964 2650 Oblatis,
990 2581 1144 2641 Teutanis

126 2666 162 2726 in
183 2662 396 2722 communitate
409 2660 599 2733 viventibus,
618 2661 757 2732 novitiis,
770 2671 801 2721 et
816 2661 974 2721 educandis
991 2662 1021 2721 in
1034 2664 1144 2725 eisdem

125 2745 394 2809 communitatibus
415 2744 610 2822 degentibus3
628 2744 701 2804 item
721 2745 926 2816 anachoretis,
945 2754 975 2806 et
992 2747 1143 2821 eremitis,

125 2831 299 2892 uirentibus
319 2848 387 2889 cum
404 2830 538 2889 clausuri
553 2838 584 2889 et
604 2830 787 2900 solitudine,
807 2832 864 2890 sub
881 2832 1026 2909 regimine
1040 2832 1144 2892 saltem

126 2915 379 2988 Ordiuariorum3
398 2914 469 2972 item
489 2913 611 2991 captivis
621 2923 651 2972 et
662 2917 816 2975 carceratis
828 2932 1017 2994 quocumque
1030 2915 1061 2973 iu
1080 2933 1145 2976 car·

125 3016 218 3073 cerc3
234 2997 363 3073 denique
382 2996 511 3056 infirmis
532 3006 592 3057 tam
612 2999 820 3072 secularibus,
837 2999 925 3076 quim
942 3000 1143 3076 regularibus,

123 3082 252 3144 sonibus
268 3081 347 3141 ultra
366 3081 615 3159 septuagesimum
638 3101 772 3156 aunum,
795 3092 829 3143 ut
849 3085 962 3163 possint
975 3083 1020 3143 bis
1036 3084 1144 3144 lucrari

123 3164 365 3242 indulgentiam,
385 3164 548 3224 dummodd
562 3166 719 3244 Episcopi,
733 3176 765 3227 et
777 3169 943 3245 superiores
960 3176 1143 3230 commutent

123 3251 191 3310 illis
203 3266 293 3327 opera
308 3247 452 3324 injuncta.
464 3251 588 3327 Insuper
599 3251 734 3312 coneedit
744 3252 921 3311 monialibus
933 3295 941 3321 ‚
954 3253 1043 3310 etiam
1060 3254 1146 3311 nuvi-

123 3335 198 3405 tiis,
220 3342 255 3392 ut
273 3333 387 3411 possint
406 3351 462 3411 pro
476 3333 572 3410 primd
587 3334 652 3393 vice
672 3334 826 3395 dumtaxat
842 3336 879 3394 ad
899 3335 1017 3394 effectus
1030 3334 1144 3412 jubilari

124 3417 327 3492 consequendi
341 3416 450 3495 eligere
464 3418 522 3476 sibi
535 3415 742 3488 confessarius,
754 3438 803 3478 seu
823 3418 986 3495 regulares,
998 3437 1048 3479 seu
1062 3439 1144 3496 pres·

125 3501 257 3579 byteros
280 3501 433 3573 saeculares
453 3518 489 3559 ex
506 3499 675 3578 approbatis
695 3503 909 3571 abOrdinariis
927 3503 964 3562 ad
983 3503 1143 3564 audiendas

123 3582 593 3738 mopialesppuacboretisrerd,
616 3584 751 3666 Oblatis,
773 3587 1141 3732 Tertiariisgpaulieribus

199 3686 258 3730 om.
329 3713 336 3731 .
946 3687 963 3730 a
