2642 4167
20 279 23 284 .
84 224 85 227 ’
141 220 180 282 tt
422 214 535 282 Procris
553 210 889 304 condescederent„

138 317 174 401 ll.
190 322 220 382 u.
237 339 270 383 u.
282 319 388 400 liidie
402 320 479 384 inira
499 321 579 381 enim
599 330 660 382 tam
677 320 766 379 breve
784 320 911 398 spatium
934 337 994 383 non
1017 329 1061 384 est
1082 339 1151 400 poe·

140 406 226 468 sibile
247 407 365 468 missam
390 406 542 471 absolvere
563 406 626 466 sine
649 423 754 483 magna
777 405 938 465 verborum
962 416 991 466 et
1011 426 1150 468 caeremo-

140 491 256 551 niarum
267 491 442 567 negligentia
453 492 572 567 3saltem
586 490 690 567 nequit
702 490 787 548 missa
799 489 939 550 celebrari
953 509 1020 551 cum
1034 510 1066 550 ea
1080 510 1148 569 gra·

141 574 229 635 vitute
247 584 276 635 et
293 575 443 645 decentia,
456 594 524 652 quur
544 584 627 634 tanto
650 574 793 633 sacrificio
811 574 958 633 convenit.
976 577 1098 653 Insuper
1112 593 1150 635 ex

140 657 225 716 missa
242 660 330 720 nimis
347 659 521 720 festinanter
543 658 706 722 celebrata,
729 658 825 716 oritur
847 657 934 716 etiam
958 677 1047 734 grave
1067 678 1150 720 sran-

140 740 240 800 dalum
261 744 422 813 laicorum,
436 744 562 820 quibus,
579 749 614 800 ut
634 738 891 802 aitBellormiaus.
908 740 1029 819 (idid),
1045 742 1149 803 viden·

141 833 192 885 tur
210 825 380 903 hujusmodi
394 827 557 888 sacerdotes
576 845 635 886 non
655 826 775 885 credere
787 824 867 903 quod
879 827 910 886 in
930 826 1017 887 missa
1031 827 1149 888 realiter

141 910 181 968 sit
199 929 326 987 presens
346 911 445 974 divina
455 911 563 972 Christi
578 911 697 970 Domini
713 910 855 987 ltlaJestas.

180 995 229 1055 50.
242 994 399 1072 Praeterea,
416 1013 476 1055 non
491 995 547 1056 erit
559 994 758 1073 improprium
768 994 932 1055 sacerdotes
949 996 1149 1073 interrogare,

142 1094 179 1138 un
202 1079 234 1138 in
253 1079 385 1158 ipsorum
408 1081 502 1158 patria
527 1098 634 1158 magna
647 1080 687 1138 sit
703 1081 826 1156 paenuria
839 1080 1151 1141 conlemariorunrtEo

142 1163 223 1222 enim
244 1181 310 1222 casu
330 1174 428 1241 posset
452 1165 558 1241 aliquis
581 1163 714 1223 sacerdos
737 1164 830 1224 ceneri
854 1164 889 1223 ad
911 1182 942 1223 se
962 1164 1147 1226 reddendum

142 1246 282 1306 idoneum
305 1247 341 1306 ad
364 1249 558 1312 confessiones
582 1248 785 1320 excipiendas,
808 1257 841 1308 ut
863 1248 967 1308 validis
986 1250 1150 1310 rationibus

144 1328 415 1411 probavimusltdi.
429 1351 462 1392 n.
482 1332 563 1411 ott.)
577 1332 959 1409 quibusaddaturdoetrina
967 1335 1008 1393 D.
1020 1332 1150 1405 Titoarae,

145 1418 196 1492 qui
211 1415 328 1496 (Sarppi.
343 1436 393 1496 qu.
410 1420 459 1478 54.
477 1426 536 1477 art.
557 1417 598 1493 l.)
619 1418 734 1495 inquit,
749 1418 844 1477 Deum
863 1418 899 1476 ad
920 1415 976 1482 lroc
992 1418 1152 1485 instituisse

58 1497 66 1568 ’,
144 1500 177 1560 in
191 1501 316 1564 Ecclesia
335 1504 468 1562 ordinem
488 1502 750 1580 presbyterorum,
764 1512 798 1559 ut
816 1503 871 1579 ipsi
891 1502 956 1561 aliis
970 1510 1152 1562 sacramenta

144 1584 367 1660 ministrarent3
380 1589 422 1646 Et
439 1584 504 1647 ideo·
520 1587 620 1664 (verbu
638 1588 669 1646 S.
687 1585 833 1660 Ductoris)
849 1585 950 1665 yrosuit
967 1583 1098 1645 ordinem
1116 1585 1150 1645 in

145 1684 197 1744 eo,
219 1669 391 1749 etquidem
410 1669 480 1730 aliis
501 1677 687 1732 sacramento
708 1668 866 1729 truderent.
887 1668 999 1729 ldcircd
1017 1670 1152 1729 sacerdos

144 1753 309 1829 appellatur
319 1754 369 1814 lux
383 1754 488 1816 mundi
498 1798 507 1823 ,
519 1755 562 1814 sal
577 1765 682 1825 terroe,
695 1764 725 1813 et
737 1751 890 1828 coadjutor
900 1754 964 1812 Dei.
976 1750 1050 1813 Csina
1060 1754 1153 1830 igitur

143 1835 213 1896 linis
231 1838 388 1897 sacerdotis
405 1840 443 1897 sit
465 1849 644 1900 sacramenta
662 1838 849 1907 ministrare,
866 1836 1014 1913 quomodo
1028 1838 1089 1915 ipse
1102 1855 1153 1915 po-

143 1921 214 1980 terit
234 1919 250 1978 d
276 1922 358 1999 eulpa
381 1923 532 1992 excusari,
557 1924 581 1982 si
607 1922 716 1981 viderit
737 1940 805 1981 suos
828 1928 1033 1981 conterraneos
1051 1922 1152 1981 carere

144 2003 342 2075 centenariis,
362 2015 392 2065 ct
415 2006 481 2067 ideo
501 2008 600 2086 plures
620 2024 725 2067 eorum
746 2008 776 2066 in
798 2014 915 2084 peccato
932 2004 1066 2076 manere,
1080 2023 1151 2065 cum

144 2107 251 2167 magno
264 2088 462 2150 damnationis
474 2093 607 2168 periculo
618 2136 626 2161 ‚
637 2098 668 2150 et
684 2091 746 2169 ipse
757 2091 876 2150 Domini
890 2089 980 2149 linem
991 2134 999 2158 ‚
1010 2089 1048 2150 ob
1060 2107 1151 2167 quem

143 2173 179 2233 ad
191 2173 385 2234 sacerdotium
398 2176 454 2234 luit
465 2184 583 2235 evectus
595 2174 611 2235 i
622 2178 684 2235 Deo
695 2220 703 2245 ,
714 2176 912 2240 frustraneum
925 2173 1039 2243 reddit,
1054 2176 1150 2252 negli-

142 2258 237 2336 gendo
254 2276 289 2318 ex
299 2259 416 2337 pigritia
431 2259 569 2320 idoneum
582 2259 657 2320 effici
670 2260 705 2319 ad
724 2258 954 2319 ministrandum
970 2258 1151 2335 poeniteutiae

141 2351 356 2402 sacramentum
368 2387 376 2413 ,
387 2344 468 2422 quod
482 2338 569 2405 saluti
580 2345 746 2403 animarum
758 2388 766 2416 ‚
777 2352 899 2420 excepto
910 2342 1054 2421 baptismo
1064 2386 1073 2412 ,
1083 2360 1147 2419 prm

141 2427 206 2487 aliis
227 2427 423 2487 necessarium
444 2438 498 2489 est.
514 2430 608 2488 Nimis
627 2428 754 2487 verenda
776 2437 845 2487 sunt
864 2426 951 2486 rerba
966 2427 1084 2486 Domini
1098 2426 1150 2483 ad·

142 2509 243 2573 versus
252 2530 301 2571 eos
310 2514 473 2573 sacerdotes
483 2557 491 2583 ‚
503 2514 554 2590 qui
565 2513 689 2572 salutem
702 2515 904 2591 proximorum
915 2509 1019 2588 parirm
1031 2521 1149 2571 curant.

141 2596 175 2658 Si
191 2595 302 2664 dicente
322 2615 368 2657 me
391 2596 431 2657 ud
453 2598 598 2678 impium,
618 2607 712 2658 raone
732 2595 886 2667 morieris,
901 2615 962 2655 aron
984 2596 1152 2655 annuatia·

142 2679 218 2741 oeris
230 2681 319 2741 eia...
338 2681 399 2762 ipse
414 2682 525 2764 turpius
541 2684 576 2743 ia
593 2680 752 2763 iniquitate
769 2700 826 2741 scia
847 2678 1006 2749 coartetur,
1024 2680 1151 2757 anapra-

142 2781 208 2825 uem
219 2772 316 2825 aretem
327 2764 391 2845 ejus
402 2764 436 2825 de
446 2784 539 2825 manu
550 2775 603 2826 tua
613 2768 774 2845 requiram.
788 2766 892 2824 Erech.
904 2766 932 2823 ὅ.
944 2765 992 2822 18.
1006 2764 1035 2822 Si
1048 2771 1151 2823 etitem

120 2852 124 2861 '
142 2849 275 2908 sacerdos
296 2849 345 2908 ille
358 2867 389 2909 se
402 2860 520 2909 excuset
540 2851 712 2911 adducendo
732 2868 815 2908 suam
833 2848 1153 2916 insufficientimn,eu-

142 2932 204 2994 diat
220 2934 252 2993 S.
267 2933 458 2993 Froactsaem
471 2932 634 3004 Selenium,
652 2936 703 3013 qui
723 2937 824 2994 salsam
843 2943 927 2992 vocat
949 2932 1150 2992 humilitatem

142 3036 245 3079 eorum
265 3018 449 3079 sacerdotum
461 3020 511 3099 qui
525 3027 658 3080 renuunt
673 3021 840 3079 animarum
856 3019 942 3077 saluti
955 3016 1149 3089 incumbere,

141 3104 196 3166 sub
218 3103 305 3163 titulo
323 3120 383 3162 suae
402 3103 621 3163 imbecillitatis.
641 3106 698 3164 lsta
721 3104 774 3181 (ait
791 3102 923 3178 Sanctus)
939 3101 1081 3161 malitiosa
1102 3110 1151 3162 est

141 3185 308 3265 tanaiticus,
326 3196 357 3247 et
374 3187 512 3248 inventus
532 3190 641 3248 umoris
656 3189 791 3267 proprii,
805 3188 856 3264 qui
872 3186 927 3246 suh
941 3184 998 3245 hoc
1015 3185 1150 3262 specioso

142 3280 284 3349 proetextu
308 3273 459 3349 propriam
486 3273 593 3350 quierit
618 3282 718 3349 tegere
740 3271 915 3332 socordiam.
938 3270 1044 3329 Suhdit
1065 3267 1151 3346 quiid

142 3357 237 3428 Deus,
252 3354 320 3416 einn
334 3356 454 3434 aliquod
477 3357 563 3417 nobis
586 3358 732 3417 talentum
756 3357 927 3425 donaverit,
941 3353 1020 3430 juste
1038 3354 1112 3431 petit
1131 3353 1151 3414 ὲ

143 3439 227 3499 nobis
238 3481 246 3511 ,
257 3439 374 3500 utillud
384 3457 588 3502 exerceamus:
604 3448 785 3520 quapropter
793 3441 843 3517 qui
853 3457 888 3497 eo
901 3440 995 3497 utitur
1002 3447 1033 3497 ct
1043 3445 1151 3515 paret,

143 3522 194 3582 ille
213 3523 304 3600 magis
321 3522 467 3585 humilem
481 3544 513 3586 se
525 3524 664 3586 ostendit.
685 3524 810 3603 Superbi
831 3523 951 3601 quidem
970 3539 1086 3582 causam
1098 3518 1156 3581 ha·

144 3603 233 3681 beat,
246 3615 280 3667 ut
292 3607 409 3670 nullum
427 3611 585 3689 suscipiant
604 3628 697 3690 opus,
712 3610 781 3687 quia
794 3609 865 3670 tales
878 3610 910 3680 in
926 3608 1027 3686 seipsis
1038 3606 1153 3667 fidunt.
