2642 4167
400 218 450 278 Ex
460 215 593 297 operatua
609 215 760 277 senatun
768 217 858 279 XIV
1072 219 1129 293 539

135 319 289 379 traditione
306 304 467 395 colligitur.
480 320 523 379 lta
539 328 636 378 tamcn
650 320 687 376 ab
704 321 752 375 Γ
725 337 842 396 ριιιοιιο
859 336 921 381 esse
939 318 1011 379 illud
1030 320 1128 380 oleum

131 403 317 463 benedictum
333 412 466 480 oportet,
483 411 517 461 ut
535 401 723 462 nihilosecius
747 403 836 481 possit
852 421 887 461 ex
908 404 1128 473 commissione,

129 488 189 546 sive
204 485 397 564 expressa,
373 504 434 544 srve
450 485 535 545 taciti
548 487 689 556 ,Romani
708 485 875 545 Pontifieis
866 506 882 544 a
894 487 1021 564 simplici
1035 505 1129 546 sacer·

121 569 199 629 'dote
218 571 401 641 consecrari,
425 579 459 628 ut
483 587 519 629 ex
543 588 626 629 more
655 570 852 630 vetustissimo
873 571 1005 629 Ecclesiae
1023 570 1129 629 Orien·

98 688 103 695 ‹
131 653 197 712 talis
209 655 336 714 eruitur.
359 656 402 713 lla
428 652 513 713 docet
528 654 662 714 Pontifex
684 654 716 713 iu
736 656 872 714 Tractatu
895 654 933 714 de
949 655 1020 731 Syn.
1034 654 1127 715 Dioec.

131 738 153 797 ι.
171 740 200 798 8.
216 757 242 799 c.
265 740 295 799 ι.
1106 765 1109 771 ’

168 821 320 882 Unctionis
333 819 475 882 Extremae
483 821 576 880 iorma
586 864 597 895 ,
609 821 641 880 iu
651 820 759 881 Rituali
772 822 905 882 Romanu
916 837 1051 900 expressa
1063 863 1072 892 ,
1085 827 1130 881 est

129 904 330 983 deprecativa,
347 922 509 983 numquam
525 913 624 964 tamen
647 903 803 964 delinitum
821 915 864 965 est
881 906 919 965 ab
933 903 1076 974 Ecclesia,
1091 921 1130 964 au

128 989 191 1050 lucc
206 991 245 1048 ita
265 991 423 1049 neccssaria
438 990 496 1066 sit,
510 998 544 1048 ut
565 1008 624 1049 non
643 988 726 1066 aequi
746 991 781 1048 ad
800 990 973 1051 sacramenti
995 988 1129 1048 validita-

129 1084 192 1133 tem
208 1074 349 1145 sufficiat,
369 1094 393 1133 ει
386 1074 564 1133 indicativo
576 1074 665 1132 modo
679 1074 880 1152 concipiatur3
887 1075 955 1133 satis
970 1075 1050 1134 euim
1060 1090 1130 1148 con·

128 1166 205 1228 stat,
223 1156 346 1217 sorrrram
367 1159 449 1217 illam
471 1158 615 1236 expressis
638 1158 741 1223 verbis
761 1175 946 1235 nequaquam
965 1157 1129 1216 institutum

126 1200 228 1300 suiss’c
244 1230 362 1302 Constat
388 1251 487 1303 tamen
509 1243 619 1315 aliter,
644 1240 732 1318 quiam
752 1243 784 1301 in
804 1242 912 1302 Rituali
934 1240 1133 1311 exhibeatur,

127 1325 199 1402 proi
195 1343 254 1383 errr
247 1324 381 1402 'ubsque
396 1345 476 1404 grava
470 1325 604 1403 llagitio
617 1325 731 1402 ριιιιιιι
749 1326 924 1386 auctoritate
940 1343 1000 1385 non
1014 1341 1108 1403 posse.

166 1409 268 1468 Partes
284 1410 428 1486 ungendae
447 1411 513 1479 alie
531 1409 651 1487 quidem
672 1411 839 1470 necessariae
858 1418 948 1481 sunt,
972 1418 1005 1468 ut
1030 1409 1130 1466 Sacra·

117 1502 262 1566 ,mentum
278 1492 331 1552 frat
345 1514 353 1567 3
368 1493 433 1552 aliae
453 1495 646 1564 necessitate,
670 1490 714 1553 uti
737 1503 842 1555 vocant
857 1537 866 1564 ‚
883 1492 1042 1572 praecepti3
1065 1490 1129 1550 aliae

125 1575 199 1637 rcrd
212 1576 326 1636 ratione
340 1576 437 1654 aliqud
450 1577 589 1637 suadente
610 1576 676 1637 tutd
692 1578 881 1637 omittuntur.
902 1579 944 1636 Ex
957 1575 1003 1633 his
1017 1582 1129 1651 postre-

125 1661 184 1720 mis
211 1669 280 1721 sunt
304 1661 413 1738 pedum
435 1671 465 1720 et
485 1680 592 1720 renum
612 1661 733 1730 unctio,
753 1659 815 1720 hec
836 1661 917 1719 enim
944 1659 976 1716 in
1001 1658 1128 1717 fluminis

125 1745 298 1819 omittitur-3
318 1745 365 1803 illa
380 1744 451 1805 vcro
471 1764 538 1804 eum
554 1745 635 1822 gravi
652 1744 839 1802 incommodo
857 1741 999 1819 praeteriri
1021 1749 1126 1817 potest.

125 1831 247 1888 Caetrrau
264 1828 395 1906 quinque
406 1846 544 1887 sensuum
564 1828 717 1886 unctiones
732 1829 834 1886 saltem
847 1844 882 1885 ex
893 1834 1036 1902 praecepto
1046 1822 1130 1884 adhi-

123 1910 232 1971 lrcndaa
245 1921 335 1972 sunt:
349 1910 421 1972 mim
438 1911 508 1973 verit
526 1912 649 1989 singulae
659 1913 698 1970 ita
710 1912 770 1972 siut
784 1910 964 1979 necessariae,
980 1918 1011 1968 ut
1021 1909 1130 1987 absque

122 1996 187 2057 illis
212 1997 432 2057 Sacramentum
454 2014 515 2055 nou
537 1996 697 2055 consistat?
719 1996 768 2054 alii
802 1996 888 2055 aliter
915 1993 1076 2071 disputant.
1098 1991 1128 2051 Si

122 2079 281 2139 necessitas
298 2078 400 2158 urgeat
417 2080 505 2158 agri,
521 2081 571 2158 qui
588 2099 656 2141 mox
675 2080 844 2140 decessurus
867 2078 1007 2155 timetur,
1026 2078 1129 2138 unicus

121 2180 230 2223 sensus
247 2165 398 2245 ungendos
418 2175 482 2232 ost,
505 2165 538 2224 ed
555 2166 747 2242 pronunciata
767 2166 885 2236 forma,
909 2183 998 2242 quam
1013 2162 1128 2224 Rituale

96 2322 101 2326 ι
121 2245 155 2308 in
173 2248 220 2307 iris
232 2266 332 2307 rerum
354 2249 506 2308 urentibus
522 2250 648 2328 assignat
660 2294 669 2323 ,
682 2259 770 2329 eaput
786 2259 884 2311 tumen
899 2246 1126 2327 praeicrcndum.

121 2333 168 2393 De
185 2332 259 2408 Syn.
272 2333 363 2392 Dioec.
378 2334 398 2391 l.
414 2335 444 2392 8.
460 2353 485 2391 c.
499 2335 528 2393 5.

173 2417 354 2477 Sacramenti
381 2417 469 2494 hujus
490 2419 641 2479 ministros
661 2435 722 2481 esse
748 2417 913 2493 sacerdotes
939 2433 1049 2485 nemo,
1078 2416 1128 2490 qui

59 2559 67 2574 ,
120 2500 219 2562 iidem
237 2499 344 2561 Christi
364 2504 540 2580 profitetur,
557 2503 727 2578 negaverit,
743 2499 1047 2559 itadeiiniente'lrid.
1059 2515 1127 2555 sess.

119 2587 174 2647 ιι.
195 2604 220 2644 c.
238 2586 268 2644 4.
281 2585 462 2664 Quamquam
479 2584 549 2645 scri)
566 2585 692 2646 conferri
708 2583 725 2642 ι
740 2583 875 2660 pluribus
894 2583 980 2640 simul
998 2579 1130 2642 sacerdo

119 2668 342 2743 tibusvalcat,
365 2668 452 2730 modd
474 2680 570 2728 tamen
601 2669 708 2745 singuli
732 2685 818 2725 suurn
850 2666 1129 2724 diversomsensum
1207 2700 1213 2713 «

118 2772 196 2813 cum
221 2752 317 2812 forma
336 2752 431 2813 eidem
454 2753 551 2814 debita
574 2754 742 2829 inungant:
770 2768 839 2808 usus
865 2759 963 2809 tauron
983 2747 1045 2824 jam
1061 2749 1129 2808 inde

119 2835 264 2914 pluribus
276 2838 387 2896 saeculis
402 2837 435 2896 in
455 2839 587 2897 Latinam
601 2837 756 2915 Ecclesiam
776 2835 908 2893 invectus
924 2840 1004 2890 extra
1022 2834 1129 2893 articu-

118 2922 191 2981 lum
203 2920 379 2980 necessitatis
392 2920 449 2980 iert
463 2964 472 2991 ,
486 2929 520 2980 ut
539 2938 616 2980 unus
636 2917 841 2981 tantummodo
853 2936 933 2976 sacro
947 2918 1011 2975 oleo
1024 2916 1108 2976 liniat
1120 2963 1128 2986 ,

119 3014 283 3080 totumque
298 3005 430 3081 perficiat
442 3006 662 3064 Sacramentum
674 3047 682 3074 ,
694 3004 740 3062 cui
755 3005 830 3063 mori
840 3003 910 3062 citra
926 2999 1061 3060 lethalem
1073 2997 1129 3060 cul·

117 3102 196 3167 pam
219 3104 252 3145 sc
265 3105 325 3147 non
340 3088 523 3148 conformare
542 3105 629 3148 nemo
646 3096 752 3164 potest.
767 3088 810 3145 De
832 3089 904 3164 Syn.
919 3086 1009 3144 Dioec.
1024 3084 1076 3144 lib.
1096 3087 1127 3145 8.

117 3190 191 3249 cap.
206 3170 409 3232 inlaudabile
427 3180 525 3231 tamen
549 3171 638 3231 luerit
659 3172 703 3241 si,
717 3172 789 3230 dum
807 3189 853 3230 res
868 3188 947 3229 sacra
961 3170 1128 3248 peragitur,

115 3254 228 3333 plures
241 3255 376 3316 assistant
393 3256 572 3327 sacerdotes,
592 3255 638 3314 vel
655 3257 757 3316 saltem
779 3256 864 3332 probi
885 3255 963 3326 viri,
987 3261 1022 3312 ut
1035 3253 1130 3314 oratio

116 3336 218 3397 totius
230 3334 365 3400 Ecclesiae
378 3340 414 3399 cu
428 3339 564 3400 ellectum
582 3336 671 3415 hujus
687 3340 865 3400 Sacramenti
878 3338 1051 3415 coadjuvet,
1064 3357 1130 3416 quoe

116 3421 220 3480 uerba
234 3431 304 3482 sunt
317 3424 349 3482 S.
367 3422 468 3485 Τιιοιιι.
485 3423 569 3483 old.
585 3422 606 3482 ι.
618 3425 648 3483 4.
661 3432 762 3482 eontra
776 3432 887 3499 gentes.
905 3423 980 3482 ibid.
995 3442 1025 3482 n.
1041 3423 1069 3482 5.

160 3504 333 3566 Ministrare
343 3507 420 3566 istud
433 3508 652 3566 Sacramentum
666 3504 762 3565 valide
776 3525 877 3565 ornnes
892 3507 1053 3566 sacerdotes
1063 3524 1130 3585 pos·

115 3594 197 3648 sunt
208 3606 218 3664 ς
231 3590 282 3648 uni
298 3596 396 3651 tamen
413 3589 539 3669 parocho
552 3587 668 3665 dejure
685 3590 824 3665 conpetit
840 3588 926 3662 ‚crim
948 3593 985 3650 sit
1000 3591 1062 3668 ejus
1074 3591 1130 3650 mi·
