2642 4167
328 193 376 251 Dc
390 186 615 271 obligationibus
630 189 739 253 dicaces.
750 198 894 253 statuuat.
1077 197 1111 258 st

103 294 297 360 Innocentius
311 292 465 371 praecipit,
482 300 517 352 ut
536 293 667 353 medicus
679 293 814 371 imponat
825 292 946 353 infirmo
958 295 1113 358 contessio-

103 399 175 442 nem
201 389 361 458 antequam
380 375 444 452 ejus
466 377 623 437 curationis
643 395 718 437 onus
740 378 871 436 medicus
893 378 1054 456 suscipiat,
1074 378 1113 441 ad

101 462 179 537 hoe,
194 482 233 523 ne
251 463 390 525 infirmus
407 460 459 539 (sic
471 460 602 539 loquitur
616 460 760 539 Pontifex)
774 462 812 521 de
825 462 1005 523 conlemione
1017 465 1113 525 moni·

103 557 172 618 tus,
189 548 228 610 de
242 548 336 607 salute
352 546 529 623 desperans,
545 542 657 604 sacilids
671 546 702 604 in
716 546 820 607 mortis
837 545 1001 625 perieulum
1013 548 1113 609 ineur-

103 640 150 691 rat
164 653 175 707 3
187 631 281 709 igitur
300 630 430 690 intendit
449 629 545 702 effici,
564 637 598 687 ut
611 628 748 689 infirmus
771 630 945 691 confiteatur
957 639 1114 710 antequam

102 713 229 778 morbus
241 711 293 775 fiat
306 715 450 775 mortalis.
467 715 534 773 llaec
552 714 695 774 sententia
719 713 793 774 mihi
810 714 928 774 videtur
950 732 1031 774 uera.
1053 718 1115 777 lios

102 808 205 858 tamen
227 818 288 858 non
311 799 507 867 obstante,in
527 799 710 858 contrarium
729 808 773 858 est
792 800 889 876 praxis
907 799 1112 874 medicorum,

103 884 194 942 etiam
211 884 358 943 timoratae
370 883 573 956 eonscientiae,
588 883 640 958 qui
653 901 714 941 non
729 882 826 942 solent
843 882 964 942 monere
980 883 1114 946 infirmos

104 967 141 1026 ad
155 967 377 1039 confitendum,
393 968 448 1026 nisi
469 965 536 1027 edm
550 966 708 1026 infirmitas
721 968 914 1046 probabiliter
924 966 985 1044 jam
998 969 1114 1046 perieu-
1144 995 1146 1025 i

104 1050 167 1112 losa
180 1051 281 1112 effecta
297 1061 350 1113 est.
371 1054 475 1130 Neque
492 1053 524 1110 in
546 1050 602 1110 hoe
616 1059 722 1128 piuant
738 1070 858 1131 peceare
873 1050 1010 1111 adversius
1033 1051 1113 1128 jura·

104 1144 240 1196 mentum
253 1138 417 1215 prestitum
425 1135 511 1213 juxta
528 1137 641 1195 Bullam
654 1137 686 1197 S.
701 1135 772 1207 Pii,
786 1137 880 1195 innixi
892 1136 1033 1196 doetrinae
1045 1138 1114 1215 plu·

103 1217 185 1279 rium
198 1230 352 1280 auctorum
368 1217 400 1298 (t.
413 1221 441 1296 b,
456 1238 539 1282 scorta.
553 1222 618 1279 ott.
636 1238 666 1280 o.
684 1221 768 1281 Circa
783 1218 905 1298 autern.)
921 1221 1112 1283 sentientium

105 1303 185 1382 qudd
201 1305 356 1383 praelatum
368 1305 571 1381 juramentum
586 1325 647 1367 non
665 1305 793 1383 obliget,
812 1307 867 1364 nisi
882 1322 937 1382 pro
954 1304 1003 1364 illa
1019 1315 1112 1383 parte,

104 1406 160 1466 pro
175 1388 260 1467 quad
277 1390 488 1450 consuetudine
502 1402 653 1468 receptum
671 1400 725 1451 est.
742 1387 885 1451 Caeterum
903 1408 962 1449 non
976 1389 1112 1450 dubitan-

105 1472 178 1532 dum
188 1518 198 1548 ,
215 1476 289 1550 quin
308 1469 471 1534 mortaliter
487 1486 608 1552 peccent
625 1475 729 1534 saltem
750 1476 856 1534 medici
880 1475 943 1545 illi,
956 1473 1006 1551 qui
1025 1473 1114 1533 omit·

105 1563 174 1616 tunt
190 1554 315 1619 monere
328 1553 460 1618 infirmos
479 1559 516 1618 de
530 1560 710 1621 consessione
724 1604 733 1631 ,
745 1559 812 1620 edm
826 1558 983 1619 infirmitas
996 1565 1039 1615 est
1051 1555 1114 1633 jam
1177 1629 1180 1634 Δ

105 1641 280 1718 periculosa.
304 1642 351 1701 Oh
380 1641 468 1722 quitur
487 1640 629 1703 miserum
654 1653 698 1705 est
722 1645 825 1704 vidire
846 1651 891 1702 tot
913 1641 1047 1700 infirmos
1073 1641 1114 1719 (et

104 1728 270 1802 praesertim
283 1747 332 1788 eos
350 1729 400 1810 qui
419 1738 553 1807 spectatae
571 1738 641 1789 sunt
664 1728 826 1805 dignitatis)
843 1727 879 1786 ad
893 1726 996 1785 incitas
1011 1725 1114 1785 mortis

105 1808 230 1882 reduci,
247 1822 282 1894 ut
293 1814 421 1872 rationes
432 1815 501 1871 uitae
511 1816 572 1872 Deo
587 1831 654 1873 mox
666 1812 830 1872 reddendas
841 1819 963 1890 parcnt,
978 1817 1112 1887 tempore

106 1912 167 1972 quo
186 1904 258 1955 sunt
276 1898 357 1974 quasi
372 1899 538 1967 exanimes,
553 1896 620 1973 edm
635 1898 685 1956 vix
699 1899 810 1976 possint
824 1897 913 1955 rerba
927 1905 997 1955 tuno
1008 1894 1113 1954 modu·

105 1975 189 2046 lare,
210 1980 261 2039 rix
283 1981 354 2040 alios
372 1981 493 2052 audire,
514 1982 695 2041 vissanum
721 1983 874 2060 concipere
897 1979 1024 2057 propriae
1043 1997 1113 2039 eon-

105 2058 236 2122 scicntia
246 2108 255 2132 ,
267 2082 448 2143 suorumque
462 2075 647 2144 peccatorum
661 2065 804 2125 dolorem.
820 2069 854 2124 Et
867 2074 962 2123 toturn
979 2061 1034 2122 boc
1046 2079 1114 2123 eve·

106 2142 152 2202 nit
174 2145 260 2222 eulpa
277 2147 400 2206 istorum
419 2149 622 2219 medicorum,
643 2150 694 2226 qni
717 2168 754 2208 ne
776 2149 947 2227 displiceant
966 2147 1112 2219 infirmis,

106 2233 158 2284 aut
173 2244 274 2287 eorum
287 2231 476 2308 propinquis,
491 2233 556 2292 illos
568 2234 707 2294 certiores
724 2252 783 2293 non
796 2234 906 2292 farciunt
922 2231 959 2290 de
969 2232 1113 2309 perieulo;
1177 2259 1178 2262 ¹

104 2308 168 2369 imd
180 2310 221 2369 eis
235 2312 361 2374 blandiri
377 2309 505 2396 pergunt
524 2335 616 2394 usque
633 2317 706 2378 darm
725 2317 846 2382 omnini
861 2318 915 2394 ipsi
933 2316 971 2376 de
989 2317 1048 2375 uita
1062 2317 1114 2376 dc·

104 2395 318 2471 speraractm
334 2400 425 2480 igitur
440 2397 552 2460 accedit
571 2401 702 2461 medicus
721 2403 894 2486 negligentis
913 2401 1112 2476 conscientiae,

106 2486 190 2536 curet
212 2480 403 2558 confessarius
414 2483 561 2562 praecipuo
575 2504 642 2544 eum
657 2481 839 2564 interrogare
855 2493 886 2545 et
901 2488 1040 2557 monere,
1053 2504 1114 2546 non

106 2558 223 2635 obiter,
242 2564 293 2626 sed
315 2584 382 2625 eum
399 2569 494 2627 calore
518 2568 555 2630 de
580 2568 633 2630 hae
655 2561 834 2645 obligatione
863 2568 1019 2626 intimandi
1044 2586 1114 2626 con·

105 2643 262 2707 sessionem
279 2648 426 2721 infirmis,
439 2653 541 2712 saltem
555 2652 674 2730 quando
690 2652 818 2710 advortit
831 2650 968 2707 morbum
978 2648 1040 2724 jam
1052 2667 1114 2710 esse

104 2744 248 2805 gravem,
273 2743 324 2795 aut
344 2735 459 2797 dubitat
482 2756 519 2797 an
544 2739 581 2797 sit
598 2737 658 2812 jem
677 2736 836 2813 gravis,ut
850 2732 1047 2791 communiter
1069 2733 1113 2793 di·

104 2815 252 2874 cuutDD.
268 2818 319 2895 qui
339 2819 371 2879 in
390 2818 446 2879 hoc
465 2838 525 2880 non
545 2820 725 2897 discrepant.
743 2818 815 2877 Dico
835 2834 902 2877 curn
916 2813 1010 2876 colore
1020 2839 1032 2893 ,·
1045 2837 1114 2878 nam
1149 2811 1152 2818 ’

104 2910 140 2954 ex
163 2893 220 2957 hoc
233 2912 343 2978 puncto
361 2903 469 2980 pendet
488 2906 565 2964 salus
583 2904 764 2981 spiritualis,
782 2920 842 2963 non
863 2898 980 2961 tanthm
1005 2901 1114 2961 medici

104 2979 295 3056 paenitentis,
311 2984 362 3045 sed
376 2988 509 3047 omnium
523 2989 611 3047 etiam
626 2989 816 3048 infirmorum
834 2987 885 3066 qui
898 2985 954 3045 sub
967 2985 1030 3063 ejus
1043 3003 1113 3046 eura

104 3072 206 3123 crunt.
967 3113 969 3117 ,

142 3146 335 3224 58.0ctovb,
355 3154 380 3213 si
402 3155 513 3216 aceedit
531 3155 775 3235 pharmacopola,
795 3158 995 3233 interrogetur
1017 3158 1046 3214 l.
1068 3159 1115 3216 An

105 3231 277 3306 praestiterit
300 3238 429 3297 remedia
446 3242 667 3318 praegnantibus
680 3241 716 3320 ad
730 3241 867 3300 abortum
882 3239 1113 3320 procurandum.

102 3311 134 3373 Ξ.
148 3314 196 3374 An
214 3319 384 3382 vendiderit
401 3341 495 3383 unum
517 3323 708 3401 pharmacum
727 3343 782 3401 pro
795 3322 1015 3390 ali0,etcarids
1026 3323 1115 3401 quiam
1205 3330 1207 3334 '

102 3413 153 3456 res
168 3399 286 3463 valebat
300 3404 377 3484 (Lib.
393 3407 424 3467 b.
437 3426 470 3467 o.
485 3408 578 3484 sort.
597 3407 650 3469 Hie
669 3408 742 3467 adde
765 3407 939 3488 Gregoriom
959 3409 1056 3488 XIII.
1080 3408 1112 3467 in
1130 3461 1134 3466 .

102 3479 209 3544 Conse.
222 3488 275 3550 29.
294 3486 393 3571 Officii
407 3490 504 3553 nostri
523 3511 640 3555 omnem
652 3493 779 3552 vetuisse
797 3491 963 3553 societatem
976 3489 1114 3570 pharma-

99 3567 225 3646 copolae
237 3572 317 3636 inter
330 3584 361 3636 et
377 3576 527 3654 medicos,
543 3584 594 3639 aut
609 3576 772 3655 chirurgos.

879 3626 956 3721 ’5.
