2642 4167
359 284 367 297 ·
474 257 502 340 ς.
517 260 555 321 11.
569 259 614 320 De
631 254 822 337 ooacpulosis.
1105 260 1140 319 81

138 384 192 446 per
205 361 324 442 aliquod
344 357 502 421 delinitum
527 364 662 438 tempus,
686 354 829 420 nimirirm
849 355 867 418 l
888 355 1073 419 solemnitate
1090 358 1144 420 ali·

134 449 220 526 eujus
235 448 302 508 sesti
325 444 361 505 ad
383 443 471 503 aliam
491 442 621 502 alterius.

172 534 223 593 et.
238 528 367 591 Demdm
381 526 478 607 quoad
495 526 689 588 adolescentes
703 525 769 587 illos
781 526 832 605 qui
845 525 951 588 volunt
967 534 1019 586 aut
1036 525 1144 588 debent

132 617 244 678 ducere
267 631 390 674 uxorem
415 610 493 689 (dico
515 610 641 685 debent,
665 620 755 688 prout
777 610 935 689 probatum
957 620 1002 670 est
1019 610 1050 669 in
1066 610 1144 673 libro

133 699 210 781 (zio.
228 703 258 761 ii.
274 718 306 759 n.
322 697 404 773 tn),
426 694 574 773 loquendo
589 694 626 753 de
654 695 690 753 iis
710 695 761 772 qui
780 703 876 755 essene
901 695 1143 766 incontinentes,

132 794 163 847 et
189 785 306 844 nollent
318 779 459 840 adhibere
473 779 529 839 alia
544 778 639 839 media
659 789 826 857 opportuna
843 777 879 837 ed
898 797 929 839 se
940 776 1142 856 continendos)

130 867 369 932 advertendum,
393 862 472 942 qudd
490 863 568 922 sicut
586 870 741 940 peccarent
760 873 894 941 parentes
910 864 960 941 qui
980 863 1044 922 sine
1063 862 1142 942 justa

134 972 221 1013 eausa
236 954 277 1011 cis
288 954 445 1011 honestum
462 947 686 1008 matrimonium
706 947 885 1024 impedirent
897 947 929 1026 (l.
942 967 966 1009 e.
981 966 1014 1009 a.
1027 948 1095 1009 849.
1111 966 1141 1008 υ.

132 1034 351 1112 Coroocniuotl,
372 1034 412 1093 ita
432 1030 532 1092 contri
554 1040 707 1108 peccarent
732 1031 785 1090 filii
805 1033 846 1109 (et
866 1030 932 1092 idco
952 1032 1143 1093 confessarius

129 1129 252 1180 tenetur
273 1118 332 1177 illis
350 1116 405 1180 lmc
425 1114 615 1195 prohibere),
641 1116 692 1193 qui
715 1115 826 1176 vellent
845 1134 913 1176 eum
935 1116 1077 1178 dedecore
1098 1117 1142 1177 la·

129 1204 224 1264 miliae
241 1202 464 1264 matrimonium
479 1200 573 1275 inire3
586 1206 638 1258 aut
651 1202 785 1276 quamvis
803 1200 972 1281 conjugium
991 1219 1050 1263 nou
1065 1210 1140 1263 esset

128 1288 325 1360 indecorum,
348 1286 459 1347 vellent
482 1293 582 1345 tamen
601 1282 676 1344 illud
699 1289 873 1346 contrahere
889 1328 897 1352 ,
913 1286 1014 1347 invitis
1034 1306 1141 1366 peren·

128 1372 236 1441 tibus,
255 1379 286 1430 et
306 1388 374 1431 cum
397 1386 501 1431 eorum
522 1367 681 1437 scandalo,
700 1369 774 1446 quin
792 1370 846 1446 ipsi
870 1368 924 1431 lilii
939 1367 1050 1446 justam
1071 1389 1140 1432 cau·

128 1472 196 1514 nam
218 1453 368 1524 habeant,
388 1453 427 1514 ob
451 1471 540 1532 quom
566 1462 756 1515 excusentur.
779 1455 908 1518 Observa
933 1455 1083 1532 quomodo
1106 1456 1139 1517 in

128 1538 223 1599 Libro
234 1537 267 1599 id
281 1539 460 1600 elucidatum
469 1539 508 1601 sit
520 1533 555 1619 (i.
568 1554 592 1599 e.
604 1556 636 1599 n.
651 1536 734 1615 849.)

220 1717 303 1800 §.ll
319 1715 468 1798 Quomodo
482 1734 512 1780 oe
524 1735 622 1798 perere
634 1715 736 1781 teneat
754 1734 822 1777 eoos
840 1714 1048 1799 empcione?

87 1991 93 1998 ,
169 1957 219 2017 ut.
235 1895 408 2021 Doerones
434 1954 534 2035 plures
557 1954 707 2032 assignant
727 1955 843 2034 regulas
863 1973 919 2036 pro
938 1959 1137 2039 scrupulosis3

126 2039 183 2102 sed
194 2047 307 2100 certum
327 2047 371 2100 cst
388 2038 499 2118 probis
515 2048 580 2118 post
597 2039 957 2111 orationem,remedium
975 2047 1138 2109 maximum

125 2141 169 2184 ne
191 2122 286 2183 dicam
304 2124 444 2193 unicum,
462 2121 508 2202 (ut
522 2120 600 2183 recte
615 2123 655 2181 ait
671 2124 710 2182 P.
729 2123 859 2205 Seproeri)
880 2127 978 2187 adeos
994 2131 1137 2191 curandos

126 2218 175 2268 cst
198 2208 361 2268 obedientia
388 2226 441 2268 suo
470 2207 619 2266 directuri.
651 2207 727 2267 Hinc
764 2219 832 2269 ante
857 2212 957 2271 omnia
986 2216 1137 2274 incumlmt

127 2290 323 2351 confessarius
333 2335 341 2361 ,
351 2299 383 2351 et
393 2291 512 2351 suadeat
525 2290 679 2369 penitenti
695 2290 864 2369 hujusmodl
878 2295 950 2354 duas
962 2299 1137 2376 principales

127 2375 267 2451 regulas:
284 2375 436 2447 Primam,
459 2383 492 2435 ut
511 2375 574 2452 ipse
591 2376 654 2434 tuti
674 2394 772 2435 coram
788 2379 848 2438 Deo
867 2379 982 2442 incedat
997 2383 1043 2443 vii
1058 2382 1134 2442 Patri

127 2457 276 2535 spirituali
293 2457 475 2533 obediendo,
496 2458 547 2517 ubi
568 2458 721 2518 evidenter
743 2470 892 2538 peecatum
912 2481 972 2523 uon
991 2474 1136 2543 apparet3

128 2543 204 2600 tarne
222 2542 301 2600 enim
315 2560 375 2603 non
394 2541 509 2601 lmmini
535 2542 655 2614 obedit,
671 2543 722 2601 sed
739 2544 793 2621 ipsi
809 2546 869 2605 Deo
893 2549 944 2623 qui
961 2548 1056 2608 dixit:
1077 2548 1137 2623 Qui

128 2641 182 2683 eos
193 2623 296 2701 ondit,
310 2643 357 2684 me
368 2623 465 2684 ondit.
473 2626 520 2685 Sic
531 2625 638 2685 docent
647 2644 750 2683 omncs
763 2629 903 2685 Doctores
915 2671 922 2697 ,
934 2639 963 2686 et
971 2631 1137 2708 spirituales

126 2708 261 2784 Magistri
271 2725 337 2768 eum
349 2707 381 2768 S.
392 2708 557 2780 decacorde,
569 2710 600 2768 S
615 2706 783 2781 Antonino,
791 2709 823 2766 S.
838 2708 993 2772 Frorceisco
1006 2711 1134 2793 Solonio,

126 2793 163 2851 S.
175 2787 315 2872 Philippo
321 2793 412 2852 Nerio
422 2837 430 2862 ‚
439 2795 472 2852 S.
485 2790 622 2854 Ticercsio
637 2835 644 2862 ‚
658 2791 690 2849 S.
701 2792 841 2852 Joonned
850 2794 956 2869 Croce,
972 2799 1002 2858 S.
1017 2799 1136 2878 Ipnotio

126 2872 166 2936 de
180 2874 310 2953 Laenio,
329 2879 369 2938 B.
384 2876 530 2958 Dionysio
547 2875 759 2949 Corthosionm
774 2880 812 2939 B.
823 2880 995 2957 Hooobcrto,
1014 2885 1133 2949 ΜΡ.

126 2955 413 3040 M.Aoilo,mopno
425 2963 570 3036 (dorsone,
594 2974 651 3022 ete.
671 2963 802 3023 Alteram
822 2967 976 3043 regulam,
992 2976 1026 3028 ut
1052 2968 1137 3030 nullo

128 3042 191 3101 alio
222 3045 360 3122 scrupulo
387 3045 493 3106 debeat
514 3049 581 3124 angi
610 3046 699 3125 quiam
718 3049 742 3106 si
768 3068 827 3109 non
848 3052 988 3123 obediat,
1012 3062 1134 3131 propter

126 3142 270 3202 magnum
289 3128 456 3204 perieulum
482 3131 530 3189 eui
554 3149 584 3190 se
600 3132 722 3209 exponit
740 3134 916 3206 amittendi,
939 3155 999 3196 uon
1019 3134 1135 3198 taotdm

125 3225 251 3287 pacem,
273 3211 479 3285 devotionem,
493 3224 523 3274 et
543 3215 575 3275 in
589 3216 749 3275 virtutibus
760 3236 966 3297 progressum,
983 3220 1135 3283 sedetiam

125 3301 259 3352 mentem
268 3338 278 3369 ‚
292 3298 448 3357 saninccm
464 3341 472 3370 ,
486 3307 516 3358 et
527 3300 647 3378 insuper
662 3303 810 3377 unimam,
830 3320 898 3361 riam
920 3314 1036 3381 possent
1054 3323 1135 3382 scru-

123 3375 190 3453 puli
211 3376 248 3437 ed
266 3380 427 3459 progredi,
456 3391 490 3442 ut
520 3402 587 3442 eum
613 3384 650 3443 ad
673 3385 906 3462 desperationem
933 3389 1132 3464 reducerent,

124 3467 254 3518 mortem
269 3460 326 3522 sihi
341 3464 494 3526 inlereudo
511 3467 611 3545 (prout
627 3468 762 3545 pluribus
781 3469 917 3546 accidit),
938 3472 985 3531 vel
1007 3470 1135 3534 habenas

122 3540 160 3600 nd
175 3543 235 3602 vita
248 3545 420 3609 relaxando.
435 3550 577 3610 Preteren
591 3553 782 3611 confessarius
795 3551 964 3631 hujusmodi
979 3558 1133 3635 poenitenti

121 3627 298 3705 scrupuloso
316 3630 470 3710 insinuet,
485 3644 573 3713 prout
591 3634 670 3697 recte
688 3636 759 3698 dicit
771 3636 873 3701 doctus
891 3640 1001 3701 Auctor
1023 3639 1134 3699 iustru-
1245 3696 1254 3710 ,
