2642 4167
162 228 220 291 att
394 226 531 287 Eaanaen
551 218 796 284 ordinandarum.
813 221 888 303 Cap·
904 224 933 283 t.
977 207 996 292 J

162 330 293 390 oratione
311 325 373 389 riui
393 325 455 387 sola
475 324 583 397 rerba,
600 323 660 385 Hie
677 329 720 386 ast
741 319 820 384 enlin
832 321 995 403 Sanquinio
1012 324 1089 395 atei,
1108 326 1167 386 aiot

131 413 134 421 “
162 413 200 473 de
216 412 359 483 essentia,
373 409 421 471 vel
434 410 523 470 etiam
541 408 620 469 alia?
632 409 763 485 Utraque
776 409 921 468 sententia
933 415 977 467 eat
991 407 1167 485 probabilis3

162 496 213 556 sed
233 495 311 557 certe
329 496 458 574 graviter
472 500 571 572 peccat
583 492 698 570 reliqua
719 491 858 553 omittens
880 487 913 569 (l.
927 510 952 551 ε.
967 509 1000 551 n.
1014 491 1107 571 rata.
1121 493 1173 553 Aa

161 578 233 640 verb
245 579 282 638 ad
298 578 545 639 consecrationem
560 577 752 653 rcquirantur
763 575 799 635 de
810 575 981 635 necessitate
990 573 1167 635 Sacramenti

161 663 250 723 rerba
263 661 457 742 praecedentia
472 682 480 718 ι
494 658 554 736 Qut
569 659 666 741 pridie
678 661 767 739 quatu
781 665 948 739 pateretur,
961 667 1014 719 etc.
1029 661 1170 719 Commu*

162 748 209 807 nis
229 747 373 807 sententia
390 754 476 826 negat
490 745 567 815 ,scd
585 746 687 805 Sontas
700 743 837 812 dubitat,
853 741 975 820 ejusque
992 743 1169 802 sententiam

162 829 214 891 Du
235 828 398 909 Pasouier,
414 836 442 888 et
459 827 577 890 Cautio.
595 823 742 907 Tonrner
755 872 763 897 ‚
777 827 882 885 diruat
895 843 954 887 nau
970 827 1070 887 carcre
1085 827 1167 886 omni

162 914 392 996 probabilitate3
415 922 504 990 atque
528 931 582 991 ego
607 911 706 972 dicere
729 911 957 989 improbabilem
979 925 1039 970 non
1063 910 1166 970 audeo.

163 996 251 1079 (Vide
269 991 290 1058 ἱ.
304 997 333 1057 6.
349 1012 381 1057 n.
396 997 467 1056 tto.
480 993 521 1057 od
535 997 628 1074 111).
644 997 751 1055 torma
769 1002 868 1054 autem
881 993 1069 1054 Eucharistiae
1082 994 1169 1055 debet

162 1079 287 1162 proferri
312 1079 480 1149 recitative,
500 1087 528 1139 et
546 1077 763 1160 monstrativa,
787 1076 818 1138 id
841 1085 885 1138 est
907 1077 1061 1138 referendo
1080 1079 1170 1139 verba

162 1165 288 1237 Christi,
301 1165 516 1243 etapplicando
531 1165 580 1224 illa
597 1163 635 1224 ad
655 1165 807 1225 materiam
821 1169 1011 1243 praesentem,
1027 1173 1061 1226 ut
1073 1174 1170 1227 trans*

163 1260 297 1314 mutetur
314 1250 376 1328 ipsa
392 1250 423 1308 in
442 1251 554 1326 Corpus
567 1257 597 1309 et
608 1250 787 1328 Sanguinem
799 1249 924 1321 Christi,
941 1258 976 1310 ut
989 1248 1072 1327 ajunt
1082 1253 1175 1313 conr.-

163 1343 192 1396 et
203 1332 295 1396 Satan.
313 1349 379 1394 antu
395 1335 436 1392 D.
456 1330 558 1393 litam
573 1331 663 1411 (Vide
678 1353 712 1393 n.
726 1336 793 1394 220.
807 1336 841 1393 in
850 1332 932 1413 fin).
944 1333 974 1393 si
989 1336 1056 1412 qais
1069 1345 1170 1396 eutem

163 1430 285 1501 propter
304 1418 466 1480 balbutiem
489 1416 618 1488 diecret,
635 1419 697 1478 Hoc
715 1426 758 1480 est
775 1416 875 1498 eatpaa
896 1433 1009 1490 aueum,
1021 1421 1068 1479 vel
1081 1437 1170 1503 capno

163 1504 425 1583 nuena123vclcopu
437 1519 550 1570 meam,
564 1502 611 1560 ael
626 1498 704 1562 'ealiz
716 1546 724 1573 ,
735 1504 782 1563 rel
798 1503 959 1581 nunquia-is
969 1548 978 1572 ‚
988 1504 1084 1565 aalide
1099 1523 1170 1566 con·

164 1598 275 1660 serrat,
296 1598 329 1649 ut
346 1590 436 1649 Saar.
454 1587 528 1667 lua.
548 1585 655 1657 Croin,
677 1594 707 1646 et
730 1588 780 1647 alii
806 1589 1020 1658 communiter,
1043 1607 1079 1649 ex
1100 1609 1169 1671 cap.

164 1671 356 1741 Remittunt,
368 1669 402 1732 de
412 1678 568 1732 masenot.
581 1669 650 1731 dist.
663 1672 713 1746 1.,
724 1670 776 1731 ubi
791 1670 936 1748 Baptismn
954 1672 1093 1733 collatum
1106 1717 1115 1745 ,
1129 1677 1173 1735 ln

165 1759 283 1819 tramine
295 1758 422 1828 Patria,
435 1752 571 1826 etFitia,
587 1763 656 1832 eta,
673 1754 804 1815 validum
820 1755 985 1815 declaratur
996 1776 1005 1832 ς
1018 1758 1094 1817 ratio
1107 1765 1172 1831 est,

165 1844 233 1919 quia
253 1857 338 1900 voces
359 1842 399 1900 ita
420 1847 489 1898 sunt
513 1841 700 1913 constitutae,
722 1849 757 1899 ut
779 1841 803 1900 si
827 1838 983 1917 aliquandi
1006 1858 1075 1901 cum
1096 1844 1173 1903 vitio

165 1927 374 2005 proterantur,
396 1924 475 1982 idem
493 1923 683 1999 significent3
699 1923 788 1985 modb
807 1925 897 1984 alium
913 1942 1029 1984 sensum
1048 1944 1109 1987 non
1123 1928 1187 1988 ins*

164 2016 268 2089 gerant
278 2003 312 2086 (1.
323 2025 348 2067 e.
359 2023 391 2067 n.
406 2006 500 2084 bib).
519 2005 572 2067 llic
586 2016 685 2067 autem
701 2008 915 2068 advertendum
928 2007 1030 2069 sedulo
1043 2010 1073 2068 id
1089 2013 1173 2088 quod

164 2096 206 2154 nit
228 2091 353 2153 Robrica
377 2091 433 2168 (tit.
455 2089 486 2149 5.
507 2108 540 2150 n.
561 2091 629 2170 2.).·
649 2089 686 2151 Si
706 2090 853 2162 celebrans
876 2110 937 2152 non
958 2092 1176 2158 recordamur

164 2174 274 2239 dixisse
291 2192 358 2255 qne
374 2173 408 2234 io
418 2174 633 2235 consecratione
643 2175 838 2236 eantmnniter
852 2173 1010 2252 atcunaur‚·
1020 2177 1176 2242 nandebot

165 2258 283 2322 turbari
300 2258 400 2337 (scilic.
416 2256 588 2335 repetere).
604 2257 639 2318 Si
658 2256 824 2319 ominatae
845 2258 1037 2340 probabiliter
1055 2260 1176 2324 dubitat

165 2357 195 2407 te
217 2340 339 2426 aliquod
359 2338 511 2403 useattatc
535 2340 666 2404 omisisse
679 2342 795 2416 ,iteret
815 2340 967 2425 sormam,
989 2341 1094 2406 antem
1115 2346 1175 2411 aab

167 2431 257 2491 tacita
274 2423 450 2491 conditione.
1026 2457 1029 2462 ·
1156 2475 1160 2480 .

205 2515 274 2574 101.
289 2546 327 2557 -
341 2512 439 2586 Quaer.
458 2512 497 2571 ll.
511 2510 668 2586 Quomodo
678 2510 810 2573 Christus
823 2515 860 2573 sit
872 2527 999 2592 presens
1012 2515 1044 2574 in
1057 2514 1176 2576 lluebn·

165 2600 268 2662 ristiat
287 2596 511 2676 Respondetur‚
529 2595 680 2657 Christum
697 2599 729 2657 in
750 2597 929 2657 Eucharistia
943 2613 1003 2658 non
1021 2613 1082 2658 essa
1094 2613 1177 2677 pree-

165 2694 278 2745 sentem
297 2699 351 2760 per
368 2678 604 2761 productionem,
623 2700 678 2741 nec
691 2697 745 2759 per
756 2679 959 2742 adductionem
972 2679 1009 2740 de
1020 2683 1176 2752 autumat

158 2766 220 2850 'per
237 2765 458 2826 conversionem
479 2765 649 2824 substantiae
669 2767 752 2843 panis
772 2765 805 2825 in
825 2766 1016 2825 substantiam
1035 2766 1177 2843 Corporis

166 2851 296 2921 Christi,
322 2850 368 2908 cui
394 2850 589 2907 conversioni.
604 2851 813 2908 convenienter
834 2857 966 2927 aptatum
992 2857 1036 2908 est
1060 2867 1175 2911 namen

167 2929 515 2996 transsubstantiationis.
532 2930 664 2991 Christus
684 2943 782 2992 autern
801 2934 953 3011 subponis
973 2942 1003 2992 ct
1022 2934 1084 2993 vini
1105 2951 1178 3011 spo-

43 3083 62 3092 ,
166 3020 266 3081 eiebus
288 3017 455 3077 continetur
478 3019 751 3087 sacramentaliter,
771 3025 801 3076 et
823 3018 963 3076 ineffabili
991 3012 1099 3088 modo,
1120 3022 1178 3095 qui

166 3104 254 3166 debet
275 3101 376 3172 credi,
399 3098 450 3160 sed
471 3100 595 3178 intelligi
619 3120 679 3162 non
699 3109 796 3181 potest
815 3100 921 3179 (uerbis
937 3103 1099 3181 exprimere
1118 3102 1179 3165 nia:

164 3204 321 3269 passumus
333 3231 341 3258 ‚
354 3187 395 3246 ait
407 3186 490 3246 Trid.
504 3204 573 3247 sess.
590 3189 637 3247 15.
656 3205 680 3247 ε.
699 3188 753 3266 1.).
769 3188 901 3248 Salvator
920 3190 1001 3248 enirn
1016 3190 1116 3249 existit
1131 3190 1179 3251 ibi

164 3274 230 3331 sine
248 3272 417 3331 extensione
435 3272 565 3350 partium
584 3271 614 3330 in
635 3271 741 3331 ordina
759 3272 796 3332 ad
817 3271 936 3342 locum,
956 3281 987 3331 et
1006 3281 1106 3331 temen
1128 3283 1180 3336 ast

165 3351 208 3416 ibi
229 3362 324 3415 totum
336 3351 443 3414 Christi
462 3356 574 3432 Corpus
592 3372 660 3414 cum
682 3357 798 3428 aalma,
817 3363 848 3414 et
865 3355 1018 3415 divinitate
1034 3371 1088 3431 per
1101 3371 1183 3418 ron-

165 3438 383 3496 comitautiam:
396 3447 426 3497 et
437 3456 617 3518 unaquaque
628 3457 695 3515 pars
703 3438 809 3500 Christi
820 3440 861 3498 ibi
872 3449 952 3499 extra
962 3440 1178 3501 allomeristit.

156 3515 262 3600 ¹Atque
280 3518 413 3579 cbristus
435 3531 478 3580 cst
497 3528 591 3595 tutus,
607 3529 635 3581 et
648 3525 759 3604 interea·
773 3520 828 3584 sab
845 3521 951 3603 queuis
963 3521 1058 3603 ipsias
1069 3526 1185 3603 ερεείεί

167 3602 267 3669 parte,
285 3607 319 3660 ut
337 3599 421 3663 docet
440 3603 523 3664 Trid.
540 3622 608 3666 sesa.
625 3607 674 3666 15.
688 3625 714 3667 ε.
729 3606 831 3668 asad
849 3606 906 3669 bac
922 3608 1152 3685 intelligentam
1169 3652 1182 3685 ,
