2642 4167
397 226 449 285 Ec
461 224 596 307 operibns
610 224 760 287 Bcncdicti
768 226 854 290 XIV·
1070 231 1126 292 345

120 332 294 406 0110110000
321 328 465 409 libertatis
495 328 714 399 ecclesiasticae,
736 330 824 388 etiam
853 346 912 388 non
936 328 1068 391 deductis
1094 332 1126 391 in

118 415 279 493 iudicium.
295 411 383 492 314.

160 501 293 558 Tenetur
306 496 464 574 Episcopus
483 495 573 555 etiam
595 496 627 555 in
649 496 723 554 locis
744 496 795 554 ubi
816 495 943 556 officium
958 498 987 556 S.
999 498 1125 574 1000101-

120 584 211 642 tionis
228 583 322 659 riget,
345 579 448 640 seduld
475 598 595 649 curare,
617 588 652 639 ut
675 579 816 639 creditam
843 580 1067 643 sibidioecesim
1088 583 1125 642 ab

36 702 42 713 «
118 666 265 727 lumroticis
290 673 415 743 purget,
436 672 467 722 et
497 665 521 722 si
550 683 638 741 quem
669 666 831 743 repererit,
855 666 951 742 poenis
977 668 1125 727 canonicis

120 752 228 829 punire
262 748 370 822 debet3
398 747 500 807 cavere
529 757 628 807 tamen
661 748 769 819 debet,
797 767 835 807 ne
860 749 930 809 fidei
966 751 1125 826 Inquisito-

118 833 202 892 rcsi
227 850 280 891 suo
300 848 423 891 munere
454 831 590 890 obeundo
614 832 767 910 Impediat.
787 832 950 902 Deductum
977 832 1126 894 0000100-

118 919 246 977 relicum
269 917 304 976 ad
327 933 415 974 strum
432 915 562 974 tribunal
588 933 647 974 non
667 914 764 976 miuds
783 917 957 994 Episcopus,
975 915 1063 994 quim
1076 920 1126 977 ln·

118 1001 246 1077 quisitor
264 999 451 1059 reconciliare
473 1007 596 1076 possunt
615 1001 766 1069 Ecclesiae,
784 1010 814 1058 et
836 1017 891 1077 pro
913 1010 1039 1077 utroque
1060 1002 1124 1060 foro

117 1083 280 1143 absolvere.
301 1083 380 1154 Quin
405 1091 435 1141 et
461 1093 583 1160 possunt
611 1081 800 1147 haereticum,
823 1092 977 1160 postquam
1009 1101 1123 1143 errores

117 1184 188 1225 suos
208 1166 380 1243 ejurarcrit,
400 1166 436 1225 ad
454 1168 617 1244 simplicem
637 1169 844 1226 confessarium
865 1186 920 1244 pro
940 1168 1124 1228 absolutione

115 1249 286 1320 remittere,
301 1269 366 1328 quse
380 1259 449 1308 tunc
468 1250 535 1308 data
556 1249 573 1307 ia
592 1251 767 1308 confessario
782 1251 813 1308 10
837 1251 902 1309 foro
922 1253 1122 1311 sacramentali

116 1332 263 1392 absolutio
277 1352 330 1410 pro
349 1333 413 1392 soro
428 1333 538 1409 pariter
558 1342 680 1392 externo
701 1333 787 1392 valet.
813 1334 855 1392 ltu
876 1334 907 1392 10
920 1337 973 1394 Tr.
990 1336 1033 1392 De
1049 1337 1121 1412 Syn.

115 1416 210 1476 Dioec.
223 1417 245 1475 l.
259 1419 288 1475 9.
299 1436 325 1475 0.
339 1418 369 1475 4.
382 1435 411 1475 0.
425 1420 454 1476 5.

157 1500 202 1558 Ab
218 1499 320 1560 haeresi
338 1498 419 1559 merie
438 1500 553 1560 interna
570 1510 600 1560 et
620 1502 759 1571 montell,
774 1502 857 1561 nullo
879 1502 1018 1561 exteriori
1039 1500 1123 1578 algno

113 1584 299 1643 manifestata
310 1628 318 1652 ,
331 1583 454 1661 simplex
468 1585 658 1643 confessarius
679 1586 830 1644 absolvere
842 1595 955 1662 potest,
972 1584 1040 1644 etim
1063 1583 1124 1645 ltoe·

114 1667 189 1726 rcsis
209 1668 246 1726 sit
266 1683 381 1726 summo
398 1668 533 1727 Pontifici
551 1676 696 1727 reservata
717 1686 769 1744 pcr
789 1687 942 1726 censuram
959 1685 1121 1741 annexam,

114 1769 185 1828 qnae
210 1751 288 1810 certe
308 1753 338 1809 iu
357 1769 391 1809 eo
415 1770 480 1810 casu
500 1753 580 1811 nulla
602 1761 656 1810 est.
676 1753 774 1809 Potest
793 1753 881 1810 etiam
910 1752 1033 1829 simplex
1053 1771 1122 1812 con·

111 1837 251 1895 fossarius
271 1852 339 1894 cum
365 1834 536 1905 absolvere,
561 1836 611 1912 qui
633 1834 725 1892 verbu
744 1837 863 1912 aliquo,
889 1837 935 1894 vel
957 1836 1031 1894 facto
1052 1835 1121 1896 fidei

112 1919 274 1978 articulum
295 1925 460 1996 negaverit,
478 1920 612 1979 interiori
631 1928 730 1978 tamen
752 1938 867 1978 assensu
885 1918 974 1978 fidem
992 1920 1122 1980 retinue-

111 2002 179 2073 rit,
201 2020 296 2079 ncque
317 2003 444 2062 enimin
467 2004 500 2062 ea
521 2003 625 2063 rerum
643 2005 860 2063 circumstantiis
883 2022 1004 2063 censura
1026 2005 1119 2083 illiga·

110 2095 209 2145 rctur.
233 2088 415 2164 chamquam
435 2087 466 2147 in
486 2087 550 2147 foro
568 2099 695 2157 ⁴externo
718 2098 867 2166 tamquam
889 2088 1042 2148 hereticus
1064 2110 1121 2170 pu·

110 2170 251 2239 niretur,
272 2180 302 2229 et
324 2170 522 2250 nequidquam
540 2172 714 2235 obtenderet
736 2191 768 2233 se
784 2175 816 2233 in
835 2172 924 2234 corde
940 2174 1029 2234 fidem
1052 2178 1121 2237 reti·

109 2255 222 2313 nuisse.
238 2245 313 2313 lbid.
330 2273 360 2313 n.
375 2256 405 2313 4.
670 2310 674 2317 ,

150 2338 183 2398 Si
202 2337 274 2397 verb
293 2347 395 2415 agatur
407 2338 444 2398 de
458 2336 559 2399 haeresi
576 2341 825 2400 externat-occulti
844 2341 977 2401 nondum
995 2342 1120 2403 deducti

109 2421 147 2481 ad
169 2422 268 2481 forum
285 2423 437 2499 Episcopi,
453 2424 524 2482 olim
541 2425 662 2500 quidem
681 2424 799 2483 facilitas
812 2424 884 2483 facta
905 2426 961 2482 fuit
973 2426 1120 2503 Episcopis

109 2503 127 2564 ia
145 2508 238 2564 Cone.
249 2505 332 2563 frid.
344 2524 412 2564 sess.
429 2508 477 2566 14.
493 2526 519 2565 c.
539 2508 569 2575 o,
586 2517 618 2564 ut
636 2523 688 2582 per
704 2524 812 2564 senon
827 2506 897 2565 verb
916 2524 969 2582 per
988 2509 1119 2567 vicarios

109 2604 181 2648 suos
196 2587 233 2645 ab
251 2587 300 2646 itta
315 2587 498 2648 absolverent
513 2591 542 2647 10
554 2589 618 2646 foro
635 2588 830 2647 conscientiae.
845 2588 900 2645 Sed
915 2586 982 2645 caim
997 2591 1027 2647 in
1038 2590 1119 2651 bullat

107 2670 235 2748 singulis
246 2671 330 2730 arenis
345 2673 492 2750 publicata
509 2672 817 2731 reserveturItomano
833 2669 964 2731 Pontifici
976 2672 1119 2734 absolutio

107 2756 192 2814 inter
204 2761 307 2813 ccetcra
323 2757 412 2814 etiam
431 2758 468 2814 ab
487 2755 605 2815 lraeresis
622 2755 767 2828 0010010ος
782 2764 811 2811 et
831 2755 863 2811 in
882 2754 915 2812 ca
936 2754 1014 2813 bullat
1034 2756 1119 2814 dero·

107 2848 200 2916 30100
213 2840 351 2898 omnibus
365 2841 521 2898 contrariis
532 2835 657 2899 decretis
669 2837 797 2914 cujusvis
808 2838 941 2906 concilii,
957 2836 1026 2896 hinc
1039 2856 1119 2915 quae·

107 2924 167 2983 atio
192 2921 320 2999 agitatur
338 2922 417 3000 apud
442 2922 612 3000 theologos,
634 2920 709 2981 niam
734 2920 822 2982 hodie
844 2923 954 3000 paritor
977 2923 1118 3001 Episcopo

107 3008 230 3065 maneat
241 3005 363 3064 facultas
375 3006 543 3067 absolvendi
565 3006 718 3066 haereticos
734 3007 764 3065 in
776 3007 840 3065 foro
853 3006 1045 3064 conscientiae.
1060 3009 1119 3065 Ne·

104 3088 205 3166 ganda
221 3097 320 3147 tamen
332 3097 376 3148 est
388 3089 446 3147 illis
455 3088 517 3149 becc
528 3091 649 3149 facultas
659 3112 668 3164 3
679 3109 745 3148 nam
761 3091 818 3149 illis
828 3089 924 3159 verbis
936 3107 996 3148 non
1006 3087 1118 3148 etstan·

104 3172 188 3233 tibus
202 3170 332 3250 adsueto
344 3170 461 3233 concilii
469 3172 589 3234 decretis
595 3219 605 3250 ,
617 3174 715 3233 omnis
724 3174 840 3234 concilii
854 3172 1020 3232 Tridentini
1032 3173 1117 3233 facul·

103 3265 151 3314 tos
173 3256 324 3333 Episcopls
338 3256 490 3318 adimitur.
506 3260 601 3331 Quam
622 3259 653 3316 in
674 3277 737 3318 rem
760 3259 852 3318 multa
876 3258 1116 3335 CongregatIonis

104 3340 138 3398 S.
155 3338 253 3399 omen
269 3348 298 3398 et
312 3340 551 3419 congregationis
563 3345 652 3402 Cone.
668 3343 833 3403 afferuntur
851 3341 983 3413 decreta,
1003 3349 1033 3401 et
1043 3340 1124 3419 adii?

104 3425 233 3484 ciuntur
241 3425 272 3484 S.
284 3422 363 3485 Pie'I
367 3426 402 3484 V.
418 3427 504 3506 Grep.
518 3429 623 3499 XIII,
640 3423 729 3486 Clam.
746 3428 843 3497 VIII,
859 3426 934 3485 viaoe
953 3427 1031 3486 vocis
1052 3445 1119 3487 ora·

104 3507 196 3577 cula,
212 3524 251 3566 00
264 3507 337 3584 quid
355 3508 482 3569 dixerim
499 3511 538 3570 de
557 3511 758 3589 propositione
773 3511 903 3579 5,inter
916 3510 1067 3571 damnatas
1079 3513 1116 3573 ab

105 3586 255 3650 Alexand.
272 3592 334 3652 VII
335 3633 343 3650 .
358 3593 510 3655 Sententia
521 3611 654 3657 atterens
670 3591 887 3657 tollentem
904 3592 998 3657 0010100
1015 3595 1127 3676 000101·
