2642 4167
201 232 259 296 iii
507 232 642 293 Ercrtren
658 231 903 297 otuliooudoruot.

201 333 290 412 copi,
311 333 358 395 vel
381 332 440 394 lide
453 332 490 394 dc
508 334 657 396 reddendo
681 336 732 396 illo
749 335 869 398 donanti
886 341 952 416 post
968 334 1207 401 ordinationem?

200 417 368 494 distinguo:
383 418 413 478 Si
428 417 540 478 donans
554 436 659 503 verum
678 417 816 480 habuerit
837 423 971 482 animum
989 421 1134 496 donandi,
1146 441 1207 485 non

176 569 178 571 ,
201 500 344 572 incurrit,
361 502 429 579 quia
446 512 562 580 pactum
574 502 646 561 illud
658 503 695 562 de
708 503 859 564 reddendo
878 505 1055 584 patrimonio
1069 517 1209 585 tanquam

168 659 170 664 Α
201 584 318 645 nullum
334 584 483 663 rejicitur,
501 595 533 643 ut
544 587 572 644 S.
586 588 694 663 Congc.
712 587 870 647 declaravit
886 588 970 666 [dum
987 590 1209 666 SacraCongre-

175 667 179 681 '
201 679 260 743 gat.
283 671 405 752 insuper
417 670 527 746 pluries
540 670 699 730 declaravit
714 673 1147 749 quamcumquealicnationem
1157 692 1209 753 pu·

202 754 334 814 trimonii
346 754 533 814 sinelicentia
547 755 681 833 Episcopi
693 773 754 814 esse
766 754 948 832 invalidam).
963 753 1050 816 Sectis
1060 758 1084 815 si
1096 757 1210 820 donans

201 836 279 897 liaud
308 837 445 897 babuerit
469 838 665 897 intentionem
688 839 837 910 donandi,
857 839 926 917 quia
946 846 1017 899 tunc
1039 840 1211 903 donatarius

201 923 317 982 nullum
331 922 373 980 rei
386 921 552 981 dominium
565 920 688 1000 adeptus
701 932 744 982 est
757 920 815 1001 (lb,
824 925 932 982 asie.
945 919 985 982 od
997 922 1091 1000 dib).

176 1068 180 1078 f
239 1008 289 1068 10.
302 1041 341 1052 -
355 1008 420 1066 Vll.
440 1006 632 1084 licquiritur‚
652 1014 687 1067 ut
707 1004 779 1068 ordo
798 1005 924 1082 iniserior
939 1015 1007 1068 unte
1029 1008 1212 1089 superiorem

200 1090 397 1172 suscipietur,
420 1089 491 1149 alias
510 1092 561 1168 qui
582 1110 635 1169 per
654 1093 761 1152 saltum
788 1093 966 1162 ordinatur,
986 1096 1211 1171 suspensionem

201 1178 264 1253 ipso
287 1177 360 1235 lacto
374 1175 500 1234 incurrit
516 1176 553 1234 ab
576 1178 714 1236 exercitio
728 1175 841 1235 ordinis
858 1176 1005 1255 suscepti,
1029 1176 1122 1239 donec
1138 1182 1212 1260 Epi-

201 1277 304 1336 scopus
320 1260 468 1338 dispenset
483 1256 516 1338 (l.
531 1262 560 1321 6.
573 1279 605 1320 n.
619 1261 712 1340 ree).
1195 1319 1198 1330 ,

239 1344 321 1403 vttt.
344 1345 382 1403 tu
395 1344 469 1403 ordo
482 1345 658 1423 suscipiatur
678 1353 804 1425 teorpore
820 1341 925 1406 debite.
939 1344 1064 1405 Ordines
1080 1344 1211 1424 majores

202 1437 324 1507 possunt
332 1429 437 1506 suscipi
447 1428 560 1489 tantum
572 1430 603 1489 in
615 1429 742 1490 sabbatis
753 1440 882 1507 quatuor
894 1439 1078 1507 temporum3
1089 1431 1213 1492 sabbato

202 1521 271 1571 ante
294 1513 477 1572 Dominicam
499 1514 659 1591 passionis,
675 1521 705 1573 et
724 1513 845 1572 sabbato
867 1522 979 1572 sancto.
991 1514 1117 1574 Minores
1136 1515 1213 1578 verb
1255 1519 1261 1527 ’

202 1604 324 1676 possunt
344 1597 434 1676 accipi
458 1597 490 1657 iu
515 1598 647 1675 quolibet
669 1598 741 1658 leste
765 1597 802 1657 de
832 1606 995 1676 praecepto,
1018 1607 1048 1656 et
1064 1599 1154 1658 etiam
1180 1601 1214 1660 in

201 1681 272 1740 seria
299 1690 384 1741 sexta
407 1689 476 1741 ante
494 1683 647 1743 sabbatum
675 1682 818 1759 generalis
845 1680 1057 1757 ordinationis,
1081 1691 1112 1741 et
1136 1683 1213 1744 serici

201 1766 306 1842 quarti
327 1774 455 1845 quatuor
468 1768 670 1846 Temporum,
689 1766 773 1842 juxta
789 1765 1028 1825 consuetudinem
1048 1777 1212 1844 receptam.

200 1854 338 1911 Attamen
351 1851 429 1927 apud
446 1854 562 1912 Ferrar.
575 1851 716 1914 Biblioth.
730 1863 752 1911 t.
766 1853 795 1911 b.
809 1851 892 1911 verb.
906 1849 985 1909 Ordo
998 1869 1028 1909 n.
1042 1852 1072 1911 7.
1086 1851 1214 1915 affertur

199 1935 348 1994 decretum
373 1939 468 1995 Sacrce
483 1938 592 2014 Congr.
616 1939 706 1996 Cone.
728 1938 776 1996 15.
801 1937 874 2013 dpr.
896 1935 982 1993 trae.
1007 1934 1212 2012 ubidicitur,

201 2018 296 2095 quoad
316 2018 434 2078 ordines
454 2020 584 2080 minores
603 2040 687 2099 posse
706 2020 825 2080 tolerari
851 2017 1114 2090 consuetudinem,
1129 2021 1155 2079 si
1172 2022 1213 2080 sit

198 2102 459 2174 immemorabilis,
484 2105 563 2182 qudd
586 2107 792 2165 ministrentur
812 2101 907 2182 pridie
925 2102 974 2162 die
994 2102 1117 2162 Veneris
1141 2112 1214 2181 post

200 2186 379 2264 prandium,
400 2186 450 2247 sed
474 2189 614 2261 expedire
634 2190 665 2249 in
693 2188 749 2248 boc
770 2196 802 2247 ut
820 2190 977 2266 Episcopus
995 2204 1026 2246 se
1043 2189 1215 2249 contbrmet

200 2269 360 2330 Pontificali
380 2273 524 2339 Romano.
552 2274 609 2346 Qui
631 2280 729 2333 autem
761 2272 916 2332 ordinatur
942 2279 1024 2331 extra
1046 2279 1185 2350 tempora
1197 2316 1211 2350 ‚

197 2354 416 2431 suspensionem
429 2357 492 2435 ipso
505 2358 580 2417 iacto
595 2357 722 2418 incurrit
733 2356 810 2436 (bib.
824 2358 854 2415 o.
869 2375 901 2415 n.
915 2354 1008 2433 791).
1044 2426 1048 2432 ,

237 2440 337 2500 11-
351 2443 404 2501 tx.
421 2444 611 2520 llcquiritur,
625 2451 660 2503 ut
675 2443 796 2503 ordines
812 2443 1008 2520 suscipiantur
1029 2456 1083 2519 per
1099 2440 1213 2518 ‚debita

199 2532 367 2603 temporum
384 2525 555 2588 interstitia.
574 2529 610 2586 Et
626 2530 650 2588 1.
667 2528 745 2587 inter
761 2526 880 2586 ordines
900 2526 1029 2585 minores
1041 2526 1216 2604 requiritur

198 2611 539 2688 aliquodintervallum:
555 2613 665 2672 dicitur
678 2607 815 2691 aliquod,
830 2611 899 2688 quia
919 2610 993 2670 illud
1012 2609 1137 2670 minime
1155 2612 1215 2675 de·

199 2694 392 2754 terminatum
408 2696 481 2756 est'd
493 2697 629 2758 Trident.
647 2698 679 2757 in
699 2713 769 2757 sess.
786 2698 835 2755 25.
849 2714 875 2756 e.
889 2696 937 2755 tt.
953 2695 1003 2754 ubi
1019 2696 1108 2755 ctiam
1120 2696 1216 2757 eddi-

197 2788 270 2848 tur,
289 2778 360 2839 Nisi
379 2776 465 2839 ulc‘ucl
482 2779 628 2861 Episcopo
650 2778 784 2860 expedire
807 2778 902 2860 inopis
921 2777 1077 2838 videretur.
1104 2780 1215 2841 Potest

197 2874 296 2924 tumen
312 2863 404 2925 libcrd
419 2867 578 2944 Episcopus
592 2868 718 2943 primam
730 2867 893 2926 Tonstiram
910 2883 977 2925 cum
991 2864 1090 2941 aliquo
1099 2866 1215 2927 ordine

196 2950 312 3009 minore
329 2950 474 3008 conlerrc.
488 2951 526 3007 ll.
543 2951 581 3009 Ut
598 2949 615 3008 d
634 2949 797 3009 minoribus
815 2949 988 3008 ascendatur.
999 2948 1033 3007 ad
1049 2948 1216 3010 subdiaco-

196 3042 297 3092 natum
307 3077 316 3100 ,
328 3034 497 3109 requiritur
511 3034 581 3093 anni
593 3034 721 3112 spatium
735 3052 744 3089 a
761 3032 833 3094 Nisi
851 3031 1021 3100 succositas,
1038 3039 1094 3091 out
1107 3028 1216 3093 Eccle-

193 3117 247 3177 siae
262 3118 450 3196 (intelligitur
465 3119 512 3177 cui
523 3118 704 3178 ordinandus
717 3125 761 3177 est
773 3116 947 3195 adscriptus)
961 3113 1077 3178 utilitas
1086 3113 1216 3196 judicio

194 3200 335 3282 Episcopi
346 3200 431 3263 ulircd
446 3210 603 3282 exposcota
620 3211 653 3263 ut
669 3202 793 3264 babetur
810 3203 841 3263 in
854 3200 989 3261 Trident.
1001 3197 1022 3261 l.
1038 3219 1070 3268 e,
1084 3202 1142 3280 lll.¹
1167 3200 1215 3261 tte

193 3286 365 3346 ascendatur
388 3286 404 3345 ia
424 3288 634 3347 subdiaconatu
657 3288 695 3347 ad
715 3288 900 3347 diaconatum
926 3285 1090 3363 requiritur
1112 3282 1215 3345 etiam

193 3369 263 3425 anni
288 3372 435 3447 spatium,
457 3372 508 3433 sed
533 3374 693 3451 Episcopus
718 3373 749 3432 in
774 3371 830 3433 huc
857 3389 893 3432 ex
917 3370 1019 3449 quavis
1041 3368 1212 3429 rationabli

192 3466 275 3505 eausa
302 3454 469 3528 dispensare
493 3467 607 3533 potest3
628 3458 743 3516 namin
767 3456 849 3515 Trid.
875 3474 900 3514 o.
916 3457 965 3514 15.
980 3455 1112 3514 dieitur:
1129 3451 1216 3513 Nisi

125 3537 129 3543 ’
150 3551 163 3558 ,
193 3526 279 3589 cliccd
295 3535 441 3615 Episcopo
458 3541 604 3602 videntur.
620 3541 835 3619 rubentque,
851 3550 884 3600 ut
899 3539 916 3599 ir
931 3541 1086 3600 diaconatu
1101 3555 1215 3599 ascen-

195 3605 279 3668 latur
297 3617 334 3674 ad
354 3621 568 3699 sacerdotium,
582 3627 747 3704 requiritur
768 3626 872 3687 saltem
892 3626 963 3685 anni
988 3624 1184 3686 intervallum
1202 3650 1211 3701 3
