2642 4167
429 209 535 273 ,leti
552 208 856 293 pardoleonum.
1082 214 1142 282 tto
1244 249 1254 268 ·

445 381 472 460 S.
485 385 509 443 1.
523 384 643 442 Boeoto
654 381 810 442 castitatis.
900 393 903 400 ’

172 570 221 631 dli.
236 600 277 614 -
291 499 506 634 Suaortoouos
528 585 564 626 er
587 574 737 645 praecepto
755 568 786 626 S.
812 568 945 645 Gregorii
962 570 1046 646 rape
1065 570 1096 629 in
1114 588 1138 629 o.

135 656 167 715 2.
180 652 248 714 diat.
261 654 311 714 28.
333 660 451 711 tenetur
471 653 575 711 vot'um
590 652 729 712 castitatis
749 653 893 712 emittere.
910 653 984 711 Hine
1003 653 1141 730 obligatio

136 738 274 797 eastitatis
292 738 327 808 iu>
339 735 483 795 ordinatis
493 736 524 794 in
537 736 626 794 sacris
638 733 736 796 veritis
755 745 799 795 ost
818 754 855 794 ex
866 736 895 793 ri
916 738 974 794 voti
988 736 1143 797 ordinibus

136 820 261 896 annexi,
288 818 377 899 quim
390 821 527 897 praecepti
548 819 700 889 Ecclesiae,
723 826 756 880 ut
774 820 842 879 sotis
860 819 1008 895 colligitur
1021 838 1056 902 er
1075 839 1139 900 cap.

137 904 210 963 Ceba
224 901 319 974 oliae,
339 902 373 965 do
390 902 459 962 olor.
476 902 594 983 emejup.
614 905 751 964 Attamen
771 903 877 981 siquis
898 902 1034 970 ordinem
1052 906 1142 965 susci·

134 988 244 1065 piondo
269 986 402 1065 expresse
422 989 515 1048 nollet
531 989 691 1047 castitatem
717 989 843 1058 vovere,
866 997 936 1050 tuno
963 989 1018 1047 iste
1037 989 1141 1049 saltem

133 1090 170 1131 cx
191 1082 338 1150 precepto
364 1073 498 1132 Ecclesiae
518 1073 556 1132 ad
577 1075 737 1134 castitatem
761 1080 922 1134 teneretur.
955 1074 1073 1158 Hocque
1095 1075 1141 1136 di·

134 1156 263 1216 cendum
280 1157 393 1216 etiamsi
406 1157 530 1216 nesciret
539 1156 615 1216 banc
627 1157 855 1235 obligationem,
870 1157 959 1220 modo
972 1160 1060 1219 vellet
1072 1157 1141 1221 verb

135 1239 271 1299 ordinem
286 1240 451 1318 suscipere:
473 1250 502 1300 et
523 1240 654 1300 adhuesi
669 1239 817 1319 inculpati
839 1241 963 1304 nesciret
980 1286 989 1314 ‚
1007 1253 1041 1302 ut
1056 1243 1142 1304 valde

135 1323 328 1400 probabiliter
346 1326 445 1402 plures
460 1325 592 1386 doctores
612 1325 717 1385 docent
738 1324 825 1405 (Vite
842 1322 863 1386 l.
880 1328 907 1388 o.
922 1345 955 1390 tt.
972 1328 1040 1387 809.
1058 1326 1140 1389 ouo.

137 1409 167 1464 t.
181 1414 210 1465 et
223 1408 277 1484 2).
289 1410 345 1480 Qui
359 1419 457 1469 autem
473 1411 660 1469 ordinaretur
672 1420 740 1469 ante
757 1428 843 1470 usum
864 1412 1003 1481 rationis,
1019 1410 1140 1471 hicnon

135 1499 288 1551 teneretur
299 1493 336 1551 ad
348 1494 519 1553 castitatem.
536 1495 592 1566 Qui
606 1493 677 1554 verb
690 1494 844 1554 ordinatur
855 1505 923 1556 ante
936 1496 1140 1571 pubertatem,

134 1593 171 1634 an
190 1575 228 1635 ad
247 1578 407 1635 castitatem
425 1582 584 1637 teneatur?
603 1578 692 1637 Adest
709 1578 816 1655 duplex
829 1579 995 1648 sententia,
1016 1586 1141 1654 utraque

134 1659 296 1737 probabilis
316 1660 404 1738 litto.
427 1681 460 1720 a.
473 1662 568 1739 uto).
588 1662 645 1733 Qui
659 1661 882 1736 ‘ordinaturper
896 1668 1007 1720 motum
1029 1662 1146 1728 oratrin·¹

134 1760 233 1802 secum
254 1742 363 1820 injuste
385 1746 556 1817 incussum,
581 1754 611 1803 et
633 1761 694 1802 non
710 1743 798 1804 habet
817 1744 950 1803 animum
964 1745 1139 1821 suscipiendi

134 1828 292 1900 ordinem,
320 1848 380 1889 non
407 1840 524 1889 tenetur
549 1829 583 1888 ad
608 1830 793 1899 castitatem,
820 1837 851 1888 et
875 1828 987 1888 etiamsi
1007 1831 1140 1889 animum

134 1910 273 1984 baberet,
295 1913 476 1986 probabilius
496 1933 549 1974 nce
563 1922 730 1986 teneretur,
747 1914 815 1990 quia
831 1922 933 1972 votum
947 1914 1087 1974 omissum
1101 1916 1139 1974 ob

22 1995 25 2004 '
134 2001 248 2055 metum
264 1997 443 2074 probabilius
457 1994 500 2058 est
519 1997 705 2072 invalidurn3
723 1995 807 2057 sectis
821 1998 845 2057 si
858 2007 953 2056 metus
965 1999 1052 2060 suerit
1061 1998 1141 2074 juste

134 2078 293 2152 incussus,
317 2082 365 2141 vel
380 2082 405 2140 si
428 2081 581 2143 ordinatus
599 2082 724 2141 scienter
743 2100 826 2141 suam
857 2082 1072 2144 ordinationem
1092 2101 1139 2143 ra-

135 2162 278 2238 tificaret,
291 2182 396 2244 nempe
406 2165 431 2225 si
448 2166 526 2227 ultrb
538 2167 672 2228 ordinem
685 2174 832 2227 exerceret
843 2161 877 2244 (l.
888 2184 913 2228 o.
927 2185 961 2227 u.
973 2167 1067 2247 8ll.).
1140 2225 1143 2234 r

426 2316 666 2402 §.tinctoris
687 2316 848 2382 canonicis,

172 2512 223 2572 tltl.
237 2447 403 2574 -Pnuro
434 2512 498 2572 loco
535 2511 584 2571 hic
610 2511 701 2571 refert
729 2519 871 2571 annotare
901 2513 1000 2589 plures
1031 2493 1141 2592 prop&

135 2597 256 2656 sitiones
266 2595 418 2656 damnatas
434 2597 471 2655 ab
485 2592 652 2657 Alexandro
676 2592 914 2663 V11,nimiri1m
930 2614 1015 2672 prop.
1032 2597 1060 2655 5.
1074 2614 1141 2674 quaa

134 2679 272 2739 dicebat:
294 2680 449 2741 Restitutio
462 2678 617 2759 fructuum
639 2694 700 2736 non
724 2674 842 2736 debetur
865 2683 934 2734 oute
954 2677 1140 2740 sententiani.

136 2763 224 2841 Prop.
238 2763 289 2824 ot.
303 2763 469 2825 Habere...
478 2760 665 2842 beneficiario,
679 2758 708 2819 si
725 2756 869 2819 studio...
880 2767 962 2819 voert
972 2803 981 2834 ‚
992 2759 1141 2838 satisfecit

135 2846 284 2907 tuttundo
297 2865 350 2927 per
361 2846 466 2907 aliurn.
482 2849 570 2922 Prop.
584 2846 633 2903 55.
648 2840 804 2904 Restitutio
824 2839 975 2920 fructuum
987 2840 1142 2923 suppletur

108 2961 114 2970 =
133 2927 391 3010 pereledmosynos
409 2932 478 2990 onte
493 2927 600 3007 [octos.
615 2930 701 3005 Prop.
723 2928 772 2987 dl.
790 2913 946 3007 satisfacit
960 2926 1056 2988 diceres
1076 2924 1140 3007 offi-

23 3025 24 3030 ’
135 3014 213 3072 cium
224 3013 364 3094 paecbme
377 3033 433 3095 pro
448 3010 541 3093 officio
555 3011 614 3072 diei
625 3009 812 3071 Potitiorum.
828 3014 915 3090 Prop.
931 3014 980 3074 55.
994 3013 1067 3071 Cum
1079 3030 1140 3073 orto

135 3097 229 3173 officio
243 3098 484 3179 potestastisfieri
493 3094 668 3176 obligationi
677 3095 803 3156 duorum
816 3093 939 3156 dieitur.
949 3097 1023 3158 ltem
1035 3098 1137 3157 Inone.

135 3180 195 3239 ΧΙ.
206 3181 358 3241 damnavit
371 3201 457 3260 prop.
476 3183 525 3241 54.
538 3179 598 3255 Qaii
614 3181 716 3261 eloquit
731 3178 851 3241 rccittue
862 3179 1048 3242 Matutiuulu
1058 3177 1066 3253 ζ
1077 3198 1140 3241 non

136 3269 249 3325 tenetur
262 3264 304 3326 ad
315 3263 394 3325 elios
406 3265 506 3327 liores.
560 3263 564 3274 ’

173 3349 224 3407 ot.
246 3382 285 3396 -
303 3351 402 3422 Quaer.
426 3351 451 3409 l.
476 3349 602 3422 Quinam
622 3358 780 3416 teneantur
799 3348 836 3408 ad
859 3346 969 3411 horas?
988 3350 1139 3418 Tenentur

23 3471 24 3528 p
137 3432 161 3491 Ι.
184 3434 295 3495 Omnes
312 3434 442 3498 ordinati
464 3435 496 3493 in
519 3425 626 3505 sineris,
649 3434 763 3520 etiamsi
788 3434 849 3493 sint
874 3435 1138 3506 excommunicati,

23 3549 24 3552 =
135 3519 266 3593 suspensi
283 3528 315 3582 et
333 3517 494 3596 degradati.
512 3519 671 3579 Ordinatus
690 3526 788 3578 autem
801 3516 838 3576 ad
854 3517 1096 3578 subdiaconatum
1107 3519 1138 3579 iu
1164 3552 1170 3568 ·

136 3598 184 3660 dio
201 3600 397 3670 ordinationis
419 3611 536 3663 tenetur
561 3602 598 3663 ad
625 3602 728 3662 limam
751 3601 1028 3682 correspondentem
1056 3601 1138 3666 botre
