2642 4167
187 222 247 289 tto
375 217 513 299 Epitosns
528 216 667 280 doctrine
678 214 998 279 morolisetcouonicoe

182 319 320 383 omnibus
341 318 541 381 sacerdotibus
560 317 759 397 approbandis
778 315 890 377 ottentd
910 317 967 396 legi
992 324 1023 377 et
1039 316 1190 379 obsonari

183 413 297 465 eurem.
312 404 354 465 ltu
370 403 733 465 inhonestamentum
747 400 945 463 renitentis.

220 487 392 553 confessarii
409 487 554 551 absolutio
575 488 642 549 doto
664 487 870 563 ignorantibus
890 486 1050 548 neoemmiu
1065 487 1190 547 nscessi-

183 580 243 635 itle
256 572 344 632 tnedii
359 572 550 633 ostinvslide.
574 570 726 650 Eueyelieu
741 572 769 632 E
771 570 810 637 tsi
824 569 955 631 tuinimd.

221 657 252 716 Si
267 656 337 716 reris
359 658 472 734 ignoret
491 659 636 734 poenitens
658 655 819 715 neeessarin
840 655 1010 715 necessitate
1027 655 1190 733 proerepti‚

183 749 213 800 et
227 738 283 801 riti
293 741 389 807 doleat
402 740 439 800 de
456 739 510 803 hie
527 740 693 814 ignorauit
704 784 713 812 ,
726 758 760 800 ee
771 739 1006 801 emendationem
1017 740 1188 817 promittet,

183 842 266 902 posse
278 825 387 886 absolvi
397 825 520 903 judicat.
533 825 609 887 lbid.
622 824 649 905 §.
663 826 712 885 lb.

222 910 417 977 confessarius
440 910 464 968 si
484 910 611 969 audierit
635 911 851 987 poenitentem,
872 918 903 970 et
925 927 986 969 uon
1007 909 1188 977 absolverit,

183 993 409 1071 roqtiiroturque
428 993 467 1053 de
488 995 674 1054 attestatione
687 994 876 1054 eoniessiouis
898 995 928 1053 in
952 993 1086 1071 seriptis.
1102 993 1191 1055 debet

182 1077 265 1137 ilium
293 1079 471 1150 conroderet,
491 1099 552 1141 uon
577 1089 676 1139 tomen
699 1097 840 1157 umquam
860 1078 1007 1143 offirmare
1031 1078 1136 1153 debet,
1156 1099 1189 1139 so

183 1163 268 1224 illum
279 1165 451 1235 absolvisse,
466 1183 519 1225 neo
538 1176 608 1225 tune
625 1166 735 1243 puriter
747 1162 817 1224 cum
829 1165 914 1224 illum
928 1163 1188 1234 absolveremus

182 1246 272 1322 eliis,
290 1250 314 1310 si
333 1250 371 1309 de
389 1251 488 1329 aliquo
500 1249 555 1310 hoe
568 1259 720 1313 attestatus
739 1249 860 1316 luisset,
882 1248 960 1309 etde
976 1249 1076 1335 aliquo
1103 1267 1185 1324 nou,

183 1333 369 1396 renotationis
393 1334 582 1397 consessionis
598 1334 765 1414 perieulum
784 1332 909 1394 subiret.
935 1334 1008 1395 lust.
1031 1332 1116 1420 ΕοοΙ.Δ
1136 1334 1186 1417 ld.

184 1435 269 1483 uum.
281 1420 329 1479 to.

221 1503 321 1564 Patres
340 1505 494 1584 Cupueeini
515 1506 540 1565 si
562 1504 663 1564 adsint
681 1505 713 1564 iu
737 1504 802 1566 loeo
814 1510 823 1575 ',
837 1502 889 1574 ubi
907 1503 1006 1563 nullus
1027 1511 1189 1569 conventus

182 1605 234 1648 seu
253 1586 412 1668 hospitium
432 1592 478 1650 sui
494 1590 606 1651 ordinis
621 1590 738 1659 existit,
759 1588 917 1666 nullusque
937 1589 1038 1651 Froter
1050 1587 1094 1657 sui
1109 1587 1192 1658 ordi·

183 1674 230 1734 nis
245 1676 435 1735 confessarius
449 1676 558 1736 ibidem
574 1676 690 1744 existit,
705 1683 828 1753 possunt
846 1673 1039 1737 consessiones
1052 1680 1119 1742 susis
1137 1671 1192 1743 lis·

183 1756 254 1819 bere
271 1759 349 1837 opud
366 1762 568 1839 presbyterum
588 1759 756 1819 secutarem
776 1759 981 1819 confessarium
995 1758 1192 1836 approbatum

183 1842 221 1902 eb
244 1842 401 1904 Ordinurio
428 1845 483 1904 loci
497 1889 505 1912 ,
521 1862 570 1904 seu
595 1843 675 1922 spiid
698 1843 872 1922 ltrgulerem
888 1840 1116 1919 approbatum&
1136 1861 1192 1903 suo

181 1927 335 2002 superiore
363 1929 491 2006 regulari
514 1928 549 1987 ud
572 1928 767 1987 consessiones
785 1924 957 1992 habendes,
978 1926 1191 1991 nonobstante

181 2018 293 2070 statuto
308 2030 368 2072 sues
379 2014 530 2091 religionis
550 2015 580 2073 ln
596 2015 789 2073 eontrarium.
809 2012 909 2081 Bulla,
928 2009 1013 2087 Quod
1028 2011 1190 2075 corrinnei.

221 2096 394 2156 Conlesserii
413 2099 562 2175 regulares
582 2116 642 2157 non
662 2107 803 2157 tenentur
828 2097 926 2156 edesse
947 2097 1122 2157 resolutioni
1142 2115 1192 2157 ee·

182 2196 269 2240 suum
282 2181 487 2251 conscientie,
501 2201 567 2259 qum
577 2181 703 2245 hebetur
715 2200 812 2242 eoram
828 2182 969 2261 Episcopo
981 2197 1034 2263 pro
1045 2181 1107 2240 toti
1116 2181 1193 2245 dioe·

181 2264 405 2338 eesi3teuenrur
418 2276 515 2327 tamen
531 2266 562 2327 ln
582 2268 643 2327 suis
666 2267 849 2327 monasteriis
869 2262 977 2325 liubdre
994 2274 1025 2325 et
1050 2266 1193 2331 interesse

182 2348 300 2409 lectioni
314 2351 488 2410 eorumdem
502 2370 631 2411 ossuum.
647 2353 718 2426 Quos
735 2351 821 2410 lertio
843 2349 976 2409 habenda
992 2351 1080 2409 estin
1093 2351 1192 2427 singu·

181 2433 219 2496 tis
234 2435 419 2495 monasteriis
434 2437 643 2513 exspostolieo
663 2430 832 2514 prescripto
844 2456 852 2510 ς
865 2437 911 2494 eui
928 2435 951 2492 si
974 2453 1034 2494 non
1045 2435 1193 2494 interitio·

182 2518 261 2591 rint,
274 2530 368 2599 potest
382 2522 541 2599 Episcopus
554 2522 619 2581 illos
632 2539 755 2598 eogere,
768 2530 801 2583 ut
812 2522 953 2580 intersint
964 2519 1193 2603 Congregotioni

181 2622 302 2664 ossuum
323 2606 525 2680 oonseientioe,
545 2625 611 2683 que
624 2605 749 2666 liniretur
769 2624 868 2665 eorum
889 2606 941 2665 illo
966 2622 1003 2663 en
1018 2605 1195 2682 prescripto

179 2690 233 2749 SS.
248 2691 411 2750 Cononum.
424 2693 467 2750 lte
488 2710 523 2750 ex
537 2691 689 2768 linoyelied
705 2693 735 2750 S.
750 2692 990 2768 congregationis
1002 2689 1070 2749 deti
1088 2689 1138 2748 die
1151 2689 1194 2748 bb

183 2772 251 2847 ttujt
270 2791 339 2833 uun.
357 2774 444 2834 titt.
465 2775 516 2834 ulii
531 2777 644 2853 puriter
654 2776 735 2835 adest
754 2776 905 2835 desuetum
921 2775 1049 2834 ultorum
1060 2776 1196 2852 Congre-

182 2858 307 2935 getionis
325 2859 438 2919 editum
453 2877 532 2919 enno
546 2861 634 2923 iddb,
657 2862 765 2938 linquo
789 2858 819 2919 id
841 2860 982 2918 statuitur
1004 2858 1036 2917 in
1058 2858 1196 2920 levorem

182 2942 373 3020 Regulsrium
389 2943 478 3002 etiem
495 2946 536 3003 -in
552 2945 588 3004 iis
607 2945 814 3012 monasteriis,
831 2944 984 3023 inquibus
1003 2960 1065 3004 non
1078 2942 1196 3021 degunt

184 3024 252 3086 xit.
267 3027 324 3087 viri
337 3024 490 3103 Religiosi.
846 3044 850 3049 ’

580 3198 790 3260 confessio,

222 3364 316 3424 Nemo
333 3381 474 3441 umquem
491 3365 700 3445 quodcumque
713 3369 902 3447 privilegium
916 3370 1053 3433 obtinens
1065 3416 1074 3441 ,
1086 3371 1199 3435 audire

184 3454 280 3521 potest
295 3448 489 3507 consessiones
502 3452 686 3511 secularium
704 3453 814 3530 ubsque
828 3456 1039 3533 approbatione
1060 3455 1197 3517 Ordine·

184 3528 240 3619 rii,
260 3528 348 3604 idque
357 3531 434 3595 volet
450 3533 539 3593 etiem
559 3553 613 3612 pro
628 3538 859 3597 confessionibus
871 3541 1051 3612 venialium,
1063 3550 1094 3600 et
1107 3559 1199 3602 mor·

184 3606 382 3689 loliumque
400 3613 469 3677 eliis
488 3617 766 3698 etsvtuussutijeeu
789 3632 869 3683 sunt.
891 3624 925 3684 ld
943 3626 1033 3685 etiem
1055 3642 1201 3704 eompre-
