2642 4167
464 191 528 252 Art.
541 192 571 253 5.
588 190 623 253 de
633 190 787 255 ordinibus
801 191 875 276 maj.
1108 189 1163 256 iil

161 299 258 375 potest
285 291 422 372 privatim
446 291 592 372 imperare
617 295 825 370 daemonibus,
856 311 894 355 ne
926 301 1080 365 noceant,
1093 311 1167 355 ncve

162 378 327 457 impediant
345 377 446 437 fideles
471 378 510 438 ab
537 378 702 440 actionibus
725 381 813 440 sacris
835 376 924 456 (Vide
942 374 966 439 l.
988 380 1019 441 i·
1039 396 1071 442 u.
1099 380 1166 441 765.

162 463 239 545 App.
247 460 282 524 de
294 459 427 543 ridjan).

451 639 547 700 sectio
561 640 613 699 lV.
627 592 673 701 De
685 637 865 720 acolythatu.

201 833 249 893 66.
261 863 302 877 -
368 846 546 891 courrntrns
563 838 608 890 est
628 828 700 890 ordo
719 847 778 910 quo
793 828 885 891 datur
906 837 1034 910 potentat
1056 828 1171 912 ferendi

164 912 292 977 urceolm
318 912 358 974 od
385 910 504 987 altare,
524 922 553 973 ct
578 912 779 986 caudelabra,
805 912 977 996 luminaque
992 917 1025 976 in
1038 914 1102 996 ipro
1122 934 1170 978 aa·

162 997 312 1062 tendendi.
347 998 465 1058 Materia
500 1006 611 1058 remota
645 1006 715 1057 sunt
742 1000 851 1059 urceoli
881 1001 964 1059 vacui
990 1021 998 1058 z
1030 1000 1170 1081 proximo

162 1101 268 1145 eorum
279 1082 406 1144 traditio.
419 1085 540 1142 Forma:
551 1081 652 1162 Accipe
660 1082 880 1163 ceroferarium,
892 1092 942 1144 etc.
952 1092 1055 1162 atque:
1065 1084 1171 1165 Accipe

162 1166 310 1245 urceolot,
338 1175 390 1227 etc.
414 1169 545 1247 Utraque
566 1169 686 1228 materia
708 1176 752 1228 est
780 1171 959 1241 essentialis,
974 1170 1024 1230 scd
1041 1171 1169 1231 nobilior

163 1264 232 1313 sunt
254 1253 386 1323 urceoli,
415 1253 482 1330 quia
509 1253 611 1312 vinum
633 1262 663 1312 ct
689 1273 763 1331 aqna
783 1256 876 1331 magis
903 1254 1027 1314 suntad
1049 1256 1169 1314 missam

165 1337 334 1397 neccssaria.
356 1336 407 1396 lla
426 1346 524 1396 autem
538 1339 668 1396 materia
679 1348 747 1398 sunt
764 1339 921 1417 partiales,
938 1356 1028 1397 unam
1050 1338 1170 1398 totalem

164 1422 385 1482 constituentes.
411 1419 564 1480 character
576 1421 646 1481 verb
662 1441 722 1482 non
736 1424 767 1482 in
789 1423 975 1493 candelabri,
998 1422 1048 1482 aed
1069 1424 1099 1480 in
1119 1438 1171 1479 ur·

163 1505 312 1564 ccolorum
339 1503 497 1565 traditione
522 1507 731 1583 imprimitur,
764 1509 835 1586 quia
863 1507 895 1567 in
918 1523 953 1567 ea
977 1505 1171 1583 principalior

164 1588 290 1651 traditur
302 1597 428 1667 potestas
446 1588 522 1668 (Lib.
535 1593 565 1648 6.
579 1610 610 1650 a.
625 1590 719 1669 ⁷45·l·

542 1764 751 1825 auritulus
775 1763 828 1823 lll.

410 1913 465 1988 Dc
495 1913 685 1990 ordinibus
714 1899 924 2015 majoribus.

458 2109 555 2174 Sentio
566 2111 590 2170 l.
607 2112 652 2171 Dc
664 2108 886 2171 subdiaconatu.
920 2189 923 2198 γ

166 2268 241 2338 Quid
250 2270 468 2325 subdiaconatus
479 2270 494 2323 7
507 2270 649 2331 Materia,
670 2270 779 2338 torma,
800 2275 826 2324 at
846 2270 971 2339 officium.
989 2271 1020 2326 Si
1038 2271 1097 2324 aiae
1111 2283 1173 2323 ma-

197 2342 316 2410 nipulo,
337 2349 388 2398 etc.
399 2347 441 2398 67.
452 2343 603 2411 Requitita.
612 2346 653 2395 56.
668 2340 690 2412 §.
704 2347 725 2395 7.
734 2347 773 2396 Dc
787 2350 850 2397 uoto
863 2344 1019 2405 castitatir,·
1030 2348 1057 2396 rt
1073 2356 1112 2395 an
1125 2356 1173 2395 aa·

198 2417 280 2469 atltae
291 2419 328 2469 rit
343 2430 379 2470 aa
389 2417 476 2469 uoto?
486 2417 516 2469 Si
527 2416 722 2485 quiaipunret,
735 2421 785 2469 etc.
801 2417 832 2470 Si
847 2416 971 2485 impubcr
982 2452 991 2479 ,
1001 2421 1051 2470 etc.
1064 2414 1118 2480 Qui
1124 2428 1175 2482 per

198 2496 300 2542 metum
310 2489 475 2553 ordinatur,
487 2495 536 2542 etc.
546 2492 588 2542 59.

167 2568 192 2638 5.
203 2571 235 2622 lt.
247 2573 287 2622 Dc
303 2570 545 2631 bardaenowic,
558 2569 766 2637 propositiones
780 2563 931 2622 decantata.⁴
942 2571 982 2622 66
999 2567 1054 2633 Qui
1066 2571 1175 2619 tracan-

201 2642 299 2695 turad
318 2643 428 2697 iocor?
442 2649 465 2696 7.
485 2643 585 2697 Clerici
603 2645 634 2694 iu
655 2643 753 2694 aacric.
775 2645 812 2693 11.
832 2640 963 2708 Raiipioti
982 2639 1109 2707 properti.
1122 2642 1173 2691 771.

200 2714 371 2782 beneficiati.
381 2718 423 2768 67.
437 2716 488 2771 Cui
505 2715 634 2784 [amanda
644 2714 783 2766 restitutio
793 2714 945 2780 fructuum.
957 2714 997 2764 62.
1017 2713 1047 2765 Si
1057 2711 1176 2763 labeant
1227 2721 1230 2728 ’

201 2788 261 2840 alia
279 2803 375 2842 onera.
392 2793 434 2842 65.
446 2796 488 2843 Au
501 2787 746 2847 excommunicati,
760 2793 809 2839 cto.
828 2790 863 2839 Et
882 2787 930 2853 qui
947 2786 1006 2837 siue
1025 2783 1177 2836 attentione

199 2862 328 2922 interno,
342 2867 391 2915 etc.
403 2864 444 2915 67.
458 2867 538 2916 lutra
554 2863 660 2930 primm
672 2875 721 2913 aaa
732 2874 845 2912 maures.
859 2859 913 2925 Qui
927 2858 985 2910 riae
1001 2857 1085 2924 culpa
1094 2855 1176 2908 omit-

200 2933 296 2986 6677
309 2949 396 2988 uuum
409 2941 568 3004 peccatum,
582 2943 631 2989 cto.
644 2938 686 2988 66.
700 2934 754 2999 Qui
764 2948 822 2986 nou
841 2933 958 3001 percipit
976 2932 1104 2999 fructur,
1125 2933 1175 2981 etc.

200 3007 244 3060 66.
257 3009 289 3061 Si
306 3007 465 3077 beneficium
484 3011 520 3063 eit
531 3017 619 3062 tenue.
631 3012 673 3060 67.
685 3018 727 3061 Ao
747 3006 819 3059 moli
835 3007 1003 3075 expeudant,
1021 3010 1072 3057 etc.
1084 3005 1175 3055 Cauo-

202 3080 284 3133 aicar
306 3095 365 3135 aaa
393 3098 505 3137 caueae.
527 3088 569 3137 66.
599 3087 665 3149 Qua
691 3096 782 3150 parua
802 3081 940 3142 materia,
963 3083 1012 3131 etc.
1035 3082 1078 3128 Au
1108 3089 1177 3142 pro·

198 3152 300 3218 jicieur
317 3156 500 3210 breuiarium.
518 3151 553 3209 la
579 3158 662 3210 dubio
680 3171 718 3209 on
740 3155 808 3223 quid
826 3154 966 3207 ammaum.
984 3154 1025 3204 66.
1046 3152 1112 3214 Quo
1133 3162 1177 3200 re-

202 3225 357 3293 quirantur
374 3229 507 3284 adiorar
523 3230 596 3283 recti
615 3229 801 3282 diceudatil.
822 3230 913 3279 iurato
928 3222 1130 3292 praecriptum.
1148 3223 1178 3275 Si

201 3306 342 3364 permutet
354 3302 480 3369 officium.
493 3307 534 3355 70.
548 3303 578 3356 si
595 3303 651 3356 alid
662 3301 764 3370 pei-pir.
780 3303 821 3352 77.
839 3299 868 3352 Si
879 3296 999 3350 aduertit
1020 3301 1044 3348 tc
1061 3303 1176 3348 errario.

202 3371 243 3421 De
255 3369 385 3436 litaniis,
401 3382 426 3427 et
435 3376 522 3443 officio
532 3377 733 3443 defunctarum.
747 3374 788 3425 72.
803 3375 838 3423 77.
848 3367 1051 3423 Prouuuciotio
1062 3365 1177 3421 vocalia.

204 3441 279 3506 Quid
294 3443 326 3495 irc
339 3444 433 3500 cicaro.
445 3452 486 3501 76.
498 3452 549 3501 777.
569 3446 771 3511 Proauuciotio
784 3443 902 3510 intepro.
916 3446 931 3494 1
936 3444 963 3495 V.
973 3437 1177 3494 Prouuuciatio

203 3516 381 3571 continuata.
406 3522 436 3572 t'.
459 3523 532 3575 ordo
553 3522 696 3576 incoram.
721 3521 765 3573 Vl.
784 3520 909 3584 Tacapas.
925 3519 966 3569 77.
988 3514 1127 3575 latentia,
1151 3518 1177 3567 ct

204 3588 333 3643 attentio.
346 3593 387 3645 76.
398 3595 494 3649 carro
513 3600 677 3650 accuranter
686 3592 705 3645 d
715 3589 885 3647 recitatione.
898 3590 939 3645 76.
1179 3595 1183 3602 ’

977 3662 1039 3724 te..
1188 3681 1194 3693 ·
