2642 4167
119 165 122 172 '
200 128 258 229 rm
436 164 573 236 accitani
588 159 831 228 ordiseoetclomm.
851 163 922 248 Cup.
941 167 971 225 ³.
999 141 1002 146 ’

200 263 292 325 tentia
306 269 467 341 utrumque
479 280 541 323 esse
553 263 732 341 tangendum
750 262 794 343 (n.
809 263 901 342 tta).
913 263 1043 325 Dicimus
1056 265 1109 328 111.
1121 266 1198 345 qubl
1250 310 1254 316 -

199 346 268 408 licdt
288 365 326 408 ex
341 347 491 408 communi
509 348 653 414 sententia
667 346 766 409 validb
783 347 935 409 ordinatus
952 348 1006 421 sit,
1020 350 1071 425 qui
1088 350 1200 412 tantbm

198 430 343 503 hostiam,
362 440 391 492 et
410 449 470 492 non
490 440 627 508 patenam
648 431 767 509 tetigit,
780 432 850 509 quia
868 429 963 491 hostie
975 440 1005 491 et
1017 433 1121 493 vinum
1134 443 1200 496 suut

200 514 322 575 materis
346 514 562 585 substantialis,
584 524 614 575 et
634 515 709 575 calix
724 531 758 573 ae
779 524 884 593 patena
906 512 1023 575 tantdm
1043 517 1081 578 ob
1098 517 1201 578 decen-

200 598 272 657 tiam
289 596 484 674 adhibentur3
498 604 627 658 attamen
650 597 812 657 consultius
831 605 896 667 est,
916 606 950 657 ut
971 598 1038 658 talis
1058 600 1202 661 ordinatio

199 690 370 758 repetatur,
392 680 459 741 ciam
479 691 606 759 quatuor
626 683 690 741 Db.
714 680 752 740 de
774 699 807 740 ea
826 680 984 754 dubitent,
1004 691 1034 740 ct
1056 683 1088 742 in
1103 683 1202 744 Ponti-

187 762 276 840 ‘licali
290 765 352 844 (ubi
371 764 406 824 fit
424 782 521 824 sermo
537 764 574 823 de
594 763 726 843 materia)
739 764 869 825 dicitur:
885 766 927 825 Et
941 783 1068 846 cuppam
1084 764 1200 839 calicis,

199 855 228 908 et
241 857 383 929 patenam
398 845 491 909 siritu!
506 856 631 929 lenpaut
645 848 689 926 (n.
703 848 796 926 tlt).
813 851 848 909 Et
865 849 944 911 idem
962 850 1081 912 videtur
1102 851 1200 913 dicen-

198 929 271 991 dum
291 934 329 994 de
347 951 387 996 eo
406 934 457 1009 qui
479 934 573 1011 tangit
591 931 707 997 tautdm
725 942 862 1012 patenam
881 944 911 995 et
930 934 1068 1008 calicem,
1091 943 1122 997 et
1142 952 1201 1008 nou

198 1012 324 1077 bostiam
340 1017 384 1095 (n.
397 1016 492 1094 ton).

235 1101 284 1160 st.
305 1101 476 1175 Quaeritur,
499 1099 618 1178 quando
639 1101 769 1161 delectus
786 1100 918 1180 suppldri
938 1101 1045 1177 debeat
1067 1103 1100 1165 in
1121 1102 1202 1165 ordi-

199 1185 318 1244 natione
328 1185 603 1263 presbyteratdstsi
616 1183 745 1244 delectus
756 1191 800 1244 cst
811 1187 887 1247 circa
897 1183 1066 1248 essentialia
1076 1230 1085 1262 ‚
1096 1204 1201 1266 nempe

198 1271 274 1331 circa
287 1272 499 1333 materiamve}
513 1272 654 1342 sormam,
673 1272 795 1333 omnind
806 1273 953 1333 ordinatio
965 1275 1122 1350 repetenda
1136 1285 1200 1334 cst:

198 1357 361 1434 etquidem
375 1365 435 1417 tota
446 1400 455 1427 ,
468 1357 493 1416 si
506 1356 636 1416 deiectus
648 1399 656 1424 ‚
670 1358 732 1416 sive
744 1355 814 1433 ejus
826 1356 951 1416 dubium
966 1359 1093 1418 vertitur
1105 1358 1202 1436 quoad
1295 1367 1303 1426 j

198 1440 386 1503 traditionem
408 1442 513 1520 prime
530 1439 682 1518 potestatis
703 1458 792 1518 super
808 1442 921 1519 Corpus
934 1440 1044 1501 Christi
1063 1443 1159 1503 reales
1176 1443 1202 1503 si

198 1522 270 1585 verb
287 1526 384 1604 quoad
405 1524 562 1585 secundam
586 1524 663 1584 eirca
688 1542 794 1602 corpus
817 1525 995 1603 mysticum,
1018 1525 1133 1588 tannim
1155 1544 1202 1587 se·

197 1609 293 1680 cunda
307 1609 401 1688 repeti
418 1608 516 1670 debet.
528 1608 559 1668 Si
579 1617 678 1668 autem
697 1607 824 1668 delectus
838 1617 882 1667 cst
898 1608 974 1668 circa
991 1607 1200 1683 androcotto,

197 1700 270 1755 tuuc
286 1693 310 1754 si
330 1703 375 1754 est
391 1693 428 1753 de
447 1710 480 1757 re
500 1691 576 1767 levi,
599 1690 671 1772 puli
690 1691 714 1750 si
738 1692 891 1752 ordinatus
910 1710 970 1751 non
990 1692 1097 1752 dixerit
1115 1711 1203 1753 cano·
1302 1693 1303 1722 ³

198 1794 284 1848 nem,
311 1777 376 1839 talis
399 1777 574 1837 ceremonia
596 1776 659 1853 (aut
681 1775 796 1860 similis)
819 1794 879 1837 non
900 1781 1017 1858 oportet
1038 1777 1154 1855 repeti3
1176 1778 1202 1838 si
1302 1801 1303 1820 r

197 1870 297 1921 autom
319 1862 351 1921 in
371 1878 405 1920 re
428 1861 530 1939 gravi,
552 1858 623 1937 poti
647 1860 821 1928 sideluerit
845 1861 947 1943 unctio
969 1879 1129 1934 manuum,
1152 1862 1202 1921 vol

195 1947 220 2006 si
245 1944 478 2023 Neo-Presbyter
503 1961 563 2003 non
589 1943 747 2021 protulerit
770 1944 858 2005 verba
884 1945 1108 2005 consecrationis
1131 1964 1202 2007 curn

195 2028 356 2106 Episcopo,
371 2038 442 2088 tunc
454 2028 582 2088 delectus
596 2026 820 2108 quamprimirm
839 2028 1019 2110 supplendus
1038 2038 1081 2089 est
1090 2072 1101 2104 ,
1119 2039 1149 2089 et
1163 2030 1203 2089 ab

195 2112 299 2172 eodem
313 2113 456 2190 Episcopo
469 2111 505 2187 (si
523 2110 588 2169 fieri
605 2111 732 2189 potest);
746 2110 816 2171 alibs
829 2113 958 2189 graviter
974 2120 1107 2192 peccaret
1119 2114 1203 2173 ordi-

194 2205 280 2257 natus
293 2196 323 2254 id
337 2194 531 2272 negligendo,
545 2204 596 2253 aut
612 2195 643 2254 in
656 2195 761 2255 ordine
774 2194 968 2255 ministrando
978 2192 1011 2273 (l.
1024 2198 1053 2256 6.
1063 2215 1094 2255 n.
1104 2196 1201 2275 tue).

194 2281 328 2354 Quonam
347 2288 445 2338 autem
466 2288 598 2356 tempore
617 2279 729 2355 praefati
754 2278 882 2342 deiectus
903 2275 1032 2356 suppleri
1040 2279 1204 2340 debeant?

194 2364 396 2443 despondetur
406 2363 485 2440 quod
495 2364 517 2422 si
528 2364 587 2422 sint
596 2364 671 2424 cirea
683 2363 880 2433 accidentalia,
890 2363 1082 2440 probabiliter
1094 2366 1204 2441 quovis

194 2458 327 2529 tempore
351 2448 481 2530 suppleri
505 2456 651 2525 possunt:
671 2447 695 2506 si
719 2445 791 2507 verb
813 2448 889 2505 eirca
911 2447 1097 2519 essentialia,
1118 2449 1203 2510 idem

194 2535 297 2595 dicunt
312 2530 405 2595 Solos.
422 2550 490 2592 cum
507 2532 572 2591 aliis
587 2553 595 2591 z
613 2531 663 2592 sed
685 2549 720 2591 ex
737 2530 947 2610 probabiliori,
959 2540 989 2590 et
1000 2533 1203 2594 communiori

193 2620 336 2679 sententia
352 2616 509 2696 supplendi
530 2624 599 2674 sunt
620 2616 803 2693 temporibus
824 2615 939 2678 statutis
954 2614 1201 2692 ordinationum,

193 2710 227 2762 ut
240 2702 387 2780 colligitur
403 2718 439 2760 ex
450 2718 514 2780 cap.
526 2699 697 2779 Presbyter,
712 2697 830 2759 desoor.
848 2716 909 2759 lton
922 2695 1004 2772 iter„
1020 2700 1076 2758 nisi
1091 2711 1203 2780 agatur

192 2784 230 2844 de
246 2787 307 2846 solo
327 2784 418 2844 dubio
437 2783 596 2843 validitatis
609 2783 824 2868 ordinationis,
839 2793 872 2843 ut
888 2782 1084 2866 probabiliter
1095 2785 1203 2866 plures

192 2871 250 2929 ltu.
265 2869 425 2948 opinantur
439 2864 472 2946 (l.
487 2869 517 2927 6.
529 2885 562 2926 n.
576 2866 671 2944 utu).

475 3074 502 3154 S.
520 3078 557 3136 11.
571 3079 617 3136 De
635 3073 781 3155 sacrificio
793 3077 908 3139 Misce..

229 3294 278 3354 bb.
291 3324 330 3337 -
346 3285 348 3296 ⁴
387 3310 545 3353 resistetur
562 3290 721 3374 (loquendo
734 3292 764 3351 in
778 3292 895 3370 genere)
908 3294 949 3356 sio
965 3292 1108 3367 definitur
1120 3316 1129 3352 z
1142 3296 1206 3357 Est
1302 3353 1303 3356 ,

190 3373 298 3436 oblatio
313 3375 358 3436 rei
375 3373 519 3438 sermlbt'lis
536 3373 618 3456 scoto
635 3379 697 3435 Deo
712 3392 764 3456 per·
781 3374 1009 3456 insimulationem
1027 3374 1060 3435 io
1073 3375 1205 3457 siyomu
1302 3397 1303 3460 1

188 3455 252 3531 ejus
270 3458 402 3536 supremi
420 3459 555 3520 dominil.
572 3460 761 3537 Quadruplex
780 3470 879 3534 putem
905 3469 1080 3539 potestesse
1102 3464 1207 3521 saeri-

189 3535 304 3597 ficium:
315 3540 513 3614 Latreutt'cum
522 3585 530 3619 ,
539 3542 576 3604 ad
587 3544 683 3608 Deum
695 3543 851 3620 colendum
864 3540 1127 3630 :bttcleorlsticuoc
1140 3545 1206 3617 ,ad
1302 3579 1303 3648 ἦ
