2642 4167
158 235 218 299 ttt
349 233 485 316 Epitoute
498 226 769 293 doctrinarumque
782 238 809 291 et
821 232 966 293 ιιιιιοιιὶιιι

156 339 262 399 cultate
278 334 426 396 Ordiuarii
443 379 451 406 ,
470 341 505 394 ut
517 350 553 394 ex
572 330 719 393 similibus
732 331 866 392 decretis.
889 330 964 392 ibid.
983 350 1014 393 n.
1034 334 1086 395 99.
1106 336 1167 397 Nee

157 420 275 483 tradem
289 418 412 497 obligari
427 426 549 495 possunt
569 417 645 477 bona
663 415 858 494 patrimonii,
875 413 948 475 adeb
965 425 1018 493 ut,
1042 418 1169 480 umato
1232 423 1234 425 ’

158 504 286 576 accidet,
311 512 344 564 ut
367 501 501 562 debitum
524 500 698 564 solvendum
728 498 796 571 sit,
826 500 908 561 nulla
934 497 999 559 fieri
1033 503 1167 564 executio

158 589 289 668 poterit,
311 586 367 646 nisi
385 604 471 662 supra
497 603 599 646 corum
622 584 769 643 bonorum
785 591 918 660 partem.
937 603 1004 662 quar
1018 585 1169 647 alimentis

158 672 287 732 ordinati
304 669 533 748 supernatamus
547 677 699 729 esttamen
712 666 849 729 creditori
867 669 998 746 recipcre
1014 670 1168 743 solutum,

161 774 213 817 scu
235 755 385 816 rendere'
374 773 444 831 qus
471 754 550 833 quod
578 763 788 831 postmortem
807 754 946 815 transiret
966 752 1005 813 nd
1026 752 1167 817 boeredrs.

161 844 203 903 lta
226 860 262 902 ιιι
283 840 449 900 decretisS
464 841 497 899 C
515 859 547 900 n.
562 840 611 900 50.

200 926 335 1005 Denique
348 925 474 984 ordinati
488 924 523 983 nd
540 924 660 983 titulum
682 920 836 989 beneticii,
850 910 999 998 resignare
1022 882 1098 983 illud
1118 943 1172 985 ne·

162 1019 290 1091 queunt,
306 1010 361 1070 nisi
354 1008 450 1068 tacte
474 1009 624 1070 mentione
641 1007 743 1079 tituli,
760 1006 812 1084 qui
832 1005 974 1066 beneficio
994 1009 1172 1084 resignando

163 1095 302 1173 adjacet,
336 1101 367 1152 et
400 1092 641 1152 concludentibus
669 1089 891 1168 probationibus
918 1090 1171 1165 demonstretur,

164 1180 249 1240 aliam
264 1188 420 1257 suppetere
436 1178 595 1254 resignanti
609 1176 686 1235 viam
704 1219 712 1243 ,
730 1176 788 1254 qud
800 1173 953 1236 commode
966 1175 1023 1236 sibi
1036 1176 1076 1236 de
1091 1179 1173 1241 victu

164 1263 326 1344 provident.
342 1264 385 1323 ltu
398 1280 435 1322 cx
445 1261 570 1322 decretis
581 1261 611 1321 S.
623 1261 657 1320 C.
670 1259 745 1320 lbid.
767 1277 798 1319 ιι.
813 1259 862 1319 50.

571 1437 780 1499 rtrnouus.

204 1613 349 1674 Patronus
371 1607 578 1670 ecclesiasticus
601 1616 719 1668 tenetur
737 1615 913 1688 praesentare
938 1608 975 1669 ad
996 1608 1175 1672 beneficium

166 1706 300 1759 curatum
315 1695 421 1765 illum,
441 1710 530 1772 quem
543 1692 710 1767 digniorem
733 1701 818 1771 putat
838 1693 917 1757 iuter
937 1693 1122 1772 approbatos.
1135 1695 1176 1755 ab

166 1779 436 1854 examinatoribus,
465 1798 502 1838 cx
523 1778 553 1839 ri
566 1778 732 1839 Tridentini
749 1796 776 1838 c.
791 1779 838 1839 18.
855 1796 925 1850 sess,
949 1779 1003 1840 94.
1015 1780 1176 1858 Episcopus

167 1887 227 1929 non
254 1865 342 1926 debet
368 1864 519 1942 inquirere
550 1880 639 1941 super
669 1863 871 1961 prmilectioue
896 1863 970 1924 sucta
990 1861 1007 1922 l
1029 1871 1175 1940 patrono,

168 1947 795 2044 nisilortduliquisiueritinterapprobatos‚
804 1948 1004 2045 quircclamet
1015 1947 1177 2024 superele-

167 2035 264 2095 ctione
285 2033 359 2095 iacti
372 2031 387 2093 d
402 2041 547 2113 patrono,
568 2033 649 2110 quusi
669 2031 790 2110 elegerit
804 2029 904 2095 minus
925 2031 1061 2109 dquam.
1085 2031 1152 2090 ltu·
1141 2046 1177 2092 ιιι

130 2130 133 2135 “
168 2117 348 2197 Epistnldad
367 2114 626 2195 Arrhiepiscopum
652 2116 880 2185 Florentinum,
898 2112 1133 2178 neddtacaotu.

206 2202 349 2261 Patronus
372 2198 462 2258 inicus
480 2207 655 2276 praesentare
675 2208 793 2259 tenetur
811 2199 977 2276 digniorem
1004 2197 1040 2257 nd
1060 2197 1176 2259 benefi-

170 2286 247 2347 cium
266 2293 421 2352 curatum,
439 2291 472 2342 ut
488 2300 523 2342 ex
541 2283 573 2342 S.
588 2280 645 2342 Tb.
665 2285 696 2343 9.
711 2285 742 2343 9.
761 2301 792 2360 q.
813 2285 864 2343 ut.
879 2293 936 2343 art.
947 2284 978 2342 9.
995 2280 1033 2340 ad
1045 2281 1076 2340 t.
1092 2281 1177 2343 aliis-

170 2388 227 2449 que
239 2367 392 2446 Theologis
403 2365 551 2426 firmatur.
567 2368 660 2427 lustit.
676 2367 783 2428 Eccles.
797 2368 826 2427 7.
836 2385 868 2427 ιι.
881 2370 911 2427 b.
923 2368 954 2428 8.

207 2456 351 2516 Putrouus
370 2451 393 2511 si
416 2452 584 2529 promiserit
601 2452 734 2521 conferre
751 2452 838 2512 elicui
861 2451 1037 2513 beneficium
1058 2469 1096 2512 cx
1112 2468 1180 2512 mo·

171 2538 231 2599 tivo
244 2536 343 2614 aliquo
362 2535 544 2612 temporali,
566 2553 672 2613 nempe
694 2537 762 2613 quia
782 2535 836 2597 siut
861 2537 900 2596 sit
916 2532 1092 2611 conjunctus
1110 2553 1179 2595 san-

170 2621 271 2718 quiue,
276 2628 358 2690 etc.
370 2637 429 2678 non
441 2619 587 2694 obligatur
599 2637 716 2679 serrare
733 2619 811 2697 quod
835 2619 1009 2697 spopondit,
1022 2628 1090 2679 tum
1101 2637 1182 2697 prae⁴

171 2706 272 2766 sertim
295 2701 363 2764 cirm
387 2702 521 2763 noudum
545 2702 722 2765 beneficium
744 2712 836 2764 vacat.
860 2705 905 2763 lta
927 2704 1021 2764 ch
1053 2701 1180 2765 rtrum.

172 2790 267 2851 lustit.
278 2787 385 2848 nectes.
398 2787 448 2846 99.
466 2804 496 2846 ιι.
515 2787 548 2847 8.

209 2874 239 2935 Si
256 2882 397 2950 patronus
416 2870 623 2931 ecclesiasticus
642 2872 862 2949 presentaverit
876 2871 1006 2949 aliquem
1026 2840 1180 2944 tamquam

172 2957 358 3036 digniorem,
382 2964 412 3015 et
440 2955 650 3015 examinatores
683 2956 766 3015 illum
802 2963 951 3033 tamquam
976 2955 1180 3055 probetiorem

171 3042 238 3102 aliis
251 3036 721 3114 concurrentibusjudicurerint,
736 3048 766 3098 et
782 3057 860 3099 unus
873 3058 908 3099 ex
922 3038 981 3099 illis
990 3083 1000 3114 ,
1015 3038 1068 3116 qui
1082 3036 1180 3099 minsis

173 3125 280 3203 diguus
308 3121 459 3201 judicatus
487 3131 556 3188 est,
581 3133 723 3200 queratur
744 3140 843 3183 eoram
874 3125 1014 3200 Episcopo
1041 3122 1080 3181 dc
1096 3135 1180 3181 erro·

174 3227 231 3269 nco
262 3209 499 3267 examinatorum
528 3204 667 3282 judicio,
698 3225 787 3285 seque
822 3206 987 3284 digniorem
1012 3223 1075 3265 esse
1109 3221 1182 3265 cou-

174 3291 320 3361 tenderit,
332 3300 402 3350 tunc
419 3291 577 3370 Episcopus
591 3301 740 3369 tamquam
749 3289 855 3366 judex,
867 3291 1038 3368 priusquam
1059 3289 1181 3348 institu-

174 3377 284 3437 tionem
302 3375 458 3437 coneedat.
472 3374 502 3434 in
517 3373 663 3450 judicium
677 3376 794 3453 patroni
807 3374 960 3453 inquirere
972 3373 1071 3435 debet.
1083 3372 1179 3451 Epist.

175 3457 212 3515 cd
225 3455 363 3536 Arelriep.
380 3458 510 3523 Floreat.
529 3460 560 3519 in
574 3458 651 3518 Bull.
