2642 4167
421 219 450 301 ς.
464 219 530 282 vu.
544 218 589 280 De
603 217 933 301 infestatiscielamone.
1083 226 1085 229 ’
1142 227 1181 288 tt

168 334 250 394 idam
266 329 358 389 sentit
381 323 470 386 card.
486 324 622 386 Petmmci
640 320 662 384 l.
683 342 709 384 c.
725 343 756 384 a.
775 326 805 386 8.
828 327 879 386 ubi
898 329 941 386 sie
961 326 1085 405 inquit:
1107 329 1179 389 Noa

166 411 256 478 scorrel
277 417 459 492 carnpertum
477 407 592 489 scea'rce,
613 407 694 489 quari
715 407 832 470 damon
856 408 992 492 aliquam
1009 414 1179 490 partemin

166 497 299 561 hannone
313 511 431 573 corpore
440 489 558 572 caperit
572 491 786 571 quodammodo
795 492 942 574 pomiclere
953 537 962 567 ‚
975 496 1050 573 patu
1062 492 1176 566 oculos,

166 580 325 664 linquam,
344 575 390 639 nel
409 575 498 638 etiam
510 574 646 636 aemonia.
661 578 740 637 Hinc
756 576 795 656 fit
814 575 951 660 linquam
963 577 1178 641 absmaiseima

166 665 256 726 cerba
274 661 428 746 proferre,
455 657 522 720 lt'clt
543 676 627 719 mene
656 658 731 719 lolia
755 668 823 721 tunc
846 681 907 722 non
929 662 1074 723 adnutat.
1098 662 1178 726 Hine

166 748 319 830 impetus,
335 755 364 807 at
386 744 508 825 affectus
531 739 708 825 quandoque
724 761 755 804 aa
771 743 898 825 turpiter
916 743 1089 807 ‹lenuduali
1106 764 1178 827 pra·

164 835 300 895 ueniunt.
322 831 401 892 Hine
425 826 574 909 saltora,
601 845 670 908 quoe
698 846 745 888 nuc
766 828 942 891 conscribere
961 830 1062 910 pudet.
1084 831 1178 907 idque

165 919 235 978 satis
248 915 442 977 confirmatur
456 912 473 972 h
485 913 518 973 S.
539 911 642 972 Thom.
653 909 690 972 cla
702 908 782 973 rnala
795 921 899 993 quast.
915 916 944 975 5.
959 923 1018 975 art.
1033 916 1062 974 5.
1075 912 1136 975 uel(
1145 917 1176 975 9.

165 1002 217 1061 ubi
245 1002 288 1059 sic
312 998 396 1059 docet
417 1018 425 1056 t
449 999 605 1056 Damones
627 994 725 1073 lacere
742 1005 887 1078 passum,
907 1006 942 1058 ut
957 996 1089 1060 homines
1115 1016 1177 1060 aaa

164 1084 336 1148 discernunt
361 1082 508 1180 speeiqsa
536 1079 645 1157 rehut',
669 1080 704 1140 t'n
733 1090 879 1160 parantum
902 1085 964 1145 Deo
991 1085 1178 1166 peracittente

163 1168 343 1251 perturbant
361 1166 514 1227 intentores
538 1182 615 1226 otras
640 1163 817 1237 censitione,
842 1166 950 1247 quibus
972 1167 1174 1249 perturbem,

167 1250 281 1334 liqatnr
291 1269 365 1314 ueros
377 1249 504 1311 rationis
524 1247 680 1320 lcumena,
694 1268 761 1330 qaue
780 1249 891 1331 iudiqat
904 1251 1051 1331 praedictis
1063 1251 1177 1312 uiribus

167 1340 207 1399 acl
236 1356 326 1399 suum
344 1343 464 1411 actum,
482 1332 561 1394 elcut
579 1341 663 1415 patet
689 1332 723 1392 in
752 1333 927 1414 arreptita‘e.
948 1334 1054 1417 Liqato
1077 1342 1177 1396 aulem

166 1420 395 1489 uenerationis,
416 1414 496 1479 nihil
516 1418 685 1499 imputatur
706 1416 822 1479 homini
846 1416 1079 1499 captantum,
1101 1421 1178 1480 strat

166 1524 219 1566 nee
243 1504 351 1567 bestia
378 1501 458 1564 Unde
484 1500 643 1581 seecundum
668 1501 721 1563 hoe
747 1500 884 1564 diabolus
914 1521 976 1563 uon
997 1504 1055 1562 erit
1083 1519 1177 1563 causa

163 1590 292 1669 peccati,
316 1586 433 1648 etlanosi
451 1590 491 1646 sit
517 1603 608 1646 causa
630 1588 738 1661 actus,
764 1588 819 1667 qui
842 1583 919 1645 alias
934 1593 1176 1666 eesetpecaatnm.

165 1674 267 1733 Potest
285 1672 376 1750 igitur
390 1669 474 1748 juxta
499 1671 532 1731 S.
558 1670 702 1731 Thamara
722 1670 841 1729 daemon
870 1686 933 1728 assa
957 1686 1073 1728 cauam
1095 1679 1177 1728 actus

166 1756 287 1833 turpis,
306 1765 336 1815 ct
352 1754 440 1814 simul
462 1755 502 1813 itu
521 1755 611 1832 ligare
629 1772 715 1815 usum
743 1753 884 1825 cuntionis,
898 1760 932 1813 ut
949 1760 1031 1813 nctus
1053 1749 1176 1813 minime

166 1838 332 1917 imputctur
346 1838 460 1899 homini
473 1841 511 1900 ad
528 1842 656 1918 culpam.

207 1926 282 1985 lluic
305 1935 403 1985 autam
423 1926 532 2004 opponi
554 1934 677 2003 possunt
693 1926 760 1985 dua
783 1923 999 2006 propositiones
1019 1920 1176 1987 Michaelis

166 2008 298 2073 Maliacas
317 2012 490 2090 proscriptae
502 2011 539 2070 ab
551 2013 654 2071 leonae.
666 2014 727 2073 XI.
744 2013 841 2072 Prima
857 2032 889 2071 n.
906 2014 956 2073 lb.
970 2011 1104 2072 dicebat:
1119 2008 1178 2073 Joh

166 2092 399 2174 blasphemavit,
417 2104 444 2154 et
468 2102 565 2155 lamen
587 2113 648 2157 non
675 2094 802 2173 peccauit
820 2092 907 2159 labiis
923 2095 1009 2166 auh,
1024 2095 1098 2177 qula
1113 2093 1178 2173 suit

164 2196 203 2238 aa
217 2176 362 2238 daroronie
372 2176 523 2239 uiolentia.
538 2180 636 2240 Altera
653 2200 686 2239 u.
700 2182 764 2249 bb„
775 2199 841 2258 quae
851 2183 943 2260 magis
954 2179 992 2240 ad
1001 2198 1099 2239 ausum
1113 2195 1177 2256 pcr-

165 2263 258 2332 tinct‚
270 2263 384 2323 dicebat
398 2284 407 2322 t
420 2263 477 2324 lab
489 2283 526 2324 ex
536 2261 677 2326 uiolentia
696 2263 838 2326 damnula
849 2282 879 2326 ee
894 2262 1025 2345 propriis
1037 2262 1176 2324 nrattihut

163 2341 315 2426 polluebat
323 2343 419 2406 coelem
433 2354 580 2427 tenpore,
597 2367 656 2428 quo
674 2347 802 2409 struendas
812 2347 937 2410 habebat
948 2347 989 2408 ael
1001 2351 1097 2407 Deum
1107 2362 1176 2426 pre·

165 2447 221 2490 cce.
235 2429 293 2488 Scd
306 2430 501 2508 respondetur
520 2434 549 2492 l.
562 2431 647 2494 lmsce
663 2435 878 2512 propositiones
897 2450 960 2492 esse
974 2440 1108 2512 patenter
1121 2428 1175 2488 iul-

164 2533 211 2575 sas
224 2536 233 2574 ε
246 2533 316 2574 nam
331 2516 426 2592 prima
443 2516 583 2577 innititur
591 2520 684 2578 textui
697 2518 741 2577 illi
759 2520 886 2579 :Pereat
898 2516 959 2577 elica
971 2516 1005 2575 in
1014 2532 1075 2593 qua
1087 2521 1175 2575 reatae

164 2617 253 2675 moror,
267 2606 297 2658 ct
309 2615 369 2659 asoa
387 2600 421 2659 in
437 2618 499 2681 qua
514 2601 625 2662 clintum
639 2610 707 2662 eet.-
722 2603 883 2680 Conceplue
895 2608 938 2659 est
949 2599 1045 2659 hanna.
1058 2595 1126 2658 lab.
1140 2598 1170 2657 5.

165 2686 197 2745 5.
211 2686 299 2743 lluna
319 2693 433 2744 textum
455 2686 536 2747 varib
558 2689 705 2765 explicant
730 2687 906 2762 interpretes
925 2703 934 2740 ι
956 2682 1062 2742 Eetiue
1083 2682 1174 2753 dicit,

163 2765 247 2846 qubd
260 2767 317 2828 lob
330 2779 445 2846 optaret
460 2770 521 2830 illic
536 2771 650 2830 nullam
664 2768 730 2827 {ieri
742 2767 773 2826 in
792 2769 928 2825 laturum
940 2783 1001 2829 sua
1015 2765 1175 2826 nativitatis

164 2851 350 2911 mentionem
365 2863 487 2933 propter
499 2873 582 2914 suam
607 2852 827 2913 infelicitatum:
846 2846 1045 2922 Parentalia,
1065 2846 1097 2907 hl
1110 2856 1172 2918 est,

163 2934 266 3012 (acrba
282 2935 366 3014 Estii)
376 2953 443 2997 aum
459 2935 699 3017 infelicissimae,
714 2937 813 3014 itaque
822 2940 924 3016 pmeot
936 2932 1176 3008 dier‚neaanni·

162 3016 299 3078 carcaria
321 3017 476 3081 recolatur.
490 3023 548 3081 Alii
570 3032 669 3081 eutem
687 3039 755 3081 curu
778 3020 880 3081 Ticino
896 3018 998 3096 ajunt,
1018 3015 1099 3095 qubd
1118 3017 1175 3077 lob

163 3101 385 3180 inculpabiliter
401 3106 548 3165 naturales
568 3107 756 3166 malediceret
780 3122 925 3165 arunrnas
946 3114 1085 3180 tanquam
1106 3117 1175 3160 suo·

162 3203 233 3245 rum
250 3188 435 3248 cruciatuum
450 3207 560 3249 causus.
576 3191 653 3263 Quid
675 3193 766 3271 igitur
792 3191 829 3250 ad
847 3189 910 3248 haec
933 3189 1084 3267 pertinent
1098 3186 1175 3246 blas-

163 3269 303 3351 phemia,
320 3282 351 3332 et
371 3275 512 3334 violentia
529 3276 695 3337 doemonis?
709 3275 854 3337 Caeterum
869 3290 931 3333 nou
953 3282 1115 3350 repugnat,
1132 3274 1174 3333 uit

166 3354 257 3416 Carul.
269 3358 440 3421 Petraeaius
462 3357 523 3422 loco
541 3379 609 3442 enp.
624 3363 687 3433 cit„
709 3360 789 3438 qubd
810 3361 926 3418 damon
939 3359 1029 3436 possit
1041 3358 1173 3437 linguam
1190 3390 1192 3394 ·

163 3437 296 3499 lramiuis
317 3443 438 3503 manbre
456 3445 494 3504 ed
522 3446 620 3524 turpia
640 3446 730 3506 verba
750 3440 934 3523 proles-enda.
956 3442 1114 3520 Raicrtque
1132 3446 1173 3506 P.

166 3522 301 3583 loannes
318 3526 460 3605 Baptista
479 3525 650 3590 Scaramelh'
673 3529 729 3606 (in
749 3529 806 3587 rit.
829 3527 905 3585 Vcn.
926 3526 1040 3585 Sororis
1064 3527 1174 3590 Maria

173 3604 352 3688 crucifixa)
379 3609 459 3690 qubd
485 3612 631 3676 dumanas
657 3615 751 3693 ipsam
773 3612 809 3691 ad
840 3609 1104 3693 blasphemandum
1125 3631 1175 3673 aa·
