2642 4167
384 162 478 221 Ex
492 158 625 240 operibus
641 158 791 219 Benedicti
799 160 887 219 XIV.
1101 163 1156 223 527

153 272 221 347 post
237 261 314 323 idom
335 269 452 339 tempus
477 260 662 327 vocaverint
681 257 724 318 uti
738 259 901 319 decisum
893 277 924 318 ru
947 256 1157 320 Tribunalibus
1264 269 1270 275 ’

151 342 303 406 Romanis
316 345 392 405 lbid
407 363 438 403 n.
456 346 484 404 9.

192 430 315 490 lnterim
327 438 425 488 tamen
444 438 509 506 post
530 429 822 506 pronuntiationem,
838 427 948 487 seilicet
965 380 1132 487 Pontificis
1126 450 1156 490 in

152 502 353 580 consistorio,
377 511 567 588 quoadusque
595 507 657 569 lnce
685 511 886 589 pronuntiatio
908 512 1070 570 innotuerit
1089 514 1159 592 Epi·

152 615 256 674 scopo,
272 606 405 656 remanet
426 595 456 655 in
475 596 577 654 collem
600 595 742 672 Episcopo
762 594 929 670 jurisdictio
948 613 1009 655 non
1036 598 1156 672 quidem

152 681 190 739 ad
204 680 377 741 conserenda
394 679 553 750 beneficio,
562 676 611 737 sed
623 678 658 736 ad
672 676 817 737 dioeresim
827 678 1046 775 gubernandam
1059 700 1157 740 ncces·

150 765 245 831 saria,
260 762 305 823 uti
323 765 474 842 provisum
493 762 583 821 estin
601 762 703 820 eodem
717 762 855 832 decreto
872 780 923 822 seu
941 763 972 822 in
984 765 1069 823 Brevi
1083 764 1156 824 illud

152 847 347 907 confirmante
362 844 568 923 UrbartiPapoe
579 845 658 905 Vlll.
672 845 745 904 ibid.
758 865 789 905 n.
805 847 854 905 lt).

166 931 222 997 Si
242 930 429 1009 Episcopus
421 948 452 988 rn
475 946 578 1013 manus
605 945 808 1005 paganorum
832 937 883 988 aut
903 928 964 988 schi
956 914 1155 992 ¹smaticoruni

151 1012 286 1083 incidat,
303 1023 332 1077 et
355 1012 404 1072 bat
429 1014 579 1088 captivus,
600 1013 733 1071 Ecclesiae
752 1013 967 1073 administratio
994 1018 1133 1077 transit
1123 1036 1156 1081 ru

151 1097 341 1175 Capitulum,
359 1097 547 1175 quoadusque
562 1096 648 1159 aliter
665 1097 709 1155 dis
697 1108 799 1175 ponat
816 1096 904 1157 Sedes
925 1100 1103 1175 apostolica,
1125 1121 1155 1162 c

150 1179 188 1241 Si
200 1181 383 1262 Episcopus,
400 1179 435 1241 dc
448 1178 583 1261 supplan.
600 1176 707 1260 neplip.
730 1179 888 1242 Praelat.
874 1199 908 1240 m
923 1183 962 1251 6,
975 1201 1040 1259 quae
1058 1194 1155 1245 samm

150 1282 221 1324 vcra
236 1274 307 1324 sunt
320 1310 328 1336 ,
341 1266 364 1323 si
377 1283 473 1324 career
488 1265 619 1342 Episcopi
633 1265 671 1321 sit
691 1265 762 1324 adeo
783 1274 880 1323 arctus
895 1307 904 1332 ,
928 1275 962 1324 ut
981 1267 1154 1345 Episcopum

149 1347 1152 1427 suumnequidemperlitterasadircdioeecsanis·aleant.lbid.n.ll.

192 1432 340 1511 Episcopis
352 1453 388 1492 ex
401 1433 609 1493 constitutione
624 1433 773 1491 Pontifieis
789 1433 946 1510 incipiente
963 1431 1154 1502 Eirmuadis,

149 1517 194 1578 las
216 1522 260 1576 cst
283 1517 315 1576 in
334 1516 456 1576 Ecclesia
475 1514 632 1593 parochiali
655 1515 670 1574 is
694 1516 886 1595 Regularihus
903 1516 1106 1574 administrati
1124 1516 1154 1574 in

150 1599 292 1679 pastorali
315 1601 480 1659 visitatione
495 1599 639 1677 inspicere
659 1601 751 1658 altare
775 1601 869 1668 illud,
888 1600 920 1657 in
938 1617 996 1676 quo
1019 1599 1155 1658 tabernu-

149 1686 252 1745 'culum
273 1684 324 1743 SS.
353 1682 540 1749 Eucharistiae
564 1692 706 1754 tenetur,
731 1684 801 1741 item
829 1684 941 1740 sontem
971 1682 1154 1759 baptisterii,

150 1769 360 1833 eonicssionale
380 1769 524 1847 parochi,
546 1768 696 1846 pulpitum
719 1767 735 1827 ὲ
760 1786 818 1845 quo
836 1766 980 1846 parochus
999 1768 1048 1844 jus
1067 1766 1155 1828 habet

149 1853 346 1914 annuntiandi
361 1856 486 1912 verbum
506 1852 581 1922 Dei,
601 1853 781 1921 sacrarium,
797 1853 828 1911 in
850 1870 908 1928 quo
926 1861 1060 1913 servatur
1075 1869 1153 1911 sacra

149 1938 283 2015 supellex
305 1937 342 1995 ad
374 1944 554 1996 sacramenta
582 1936 797 2005 ministranda,
817 1933 1026 2014 sepulchrum,
1049 1955 1154 1996 coemc-

148 2022 261 2081 terium
294 2020 463 2096 parochiae,
488 2020 595 2079 turrim
626 2021 714 2079 etiarm
746 2021 983 2099 campanariam,
1008 2021 1032 2079 si
1057 2020 1154 2080 adsint

67 2115 71 2121 '
148 2123 299 2182 campanus
318 2104 354 2162 ad
377 2103 544 2182 parochiam
561 2113 747 2182 spectantes,
768 2124 802 2164 ae
824 2103 944 2164 demum
963 2123 1041 2164 sacra
1065 2123 1153 2176 vasa,

148 2188 183 2247 iu
209 2188 323 2265 quibus·
343 2189 494 2266 particulae
517 2200 690 2248 consecratae
707 2200 892 2259 serrantur,
920 2189 965 2248 vcl
987 2208 1064 2247 saera
1090 2190 1153 2250 olea

147 2271 288 2349 baptismi
308 2281 338 2332 ct
366 2274 511 2331 Extremas
543 2273 860 2349 Unctionis3denu'1m
883 2274 972 2351 pilam
999 2293 1081 2351 aquoe
1101 2274 1152 2334 be·

146 2356 284 2417 nedictoe.
316 2388 318 2399 ‚

189 2441 352 2518 Episcopi,
375 2440 482 2517 quibus
504 2459 596 2517 usquc
622 2439 710 2499 modo
737 2459 868 2500 concessa
892 2451 934 2500 est
955 2444 1075 2501 lareribus
1097 2445 1152 2503 inr-

149 2525 295 2602 pcrtjendi
317 2523 550 2585 benedictionem
571 2543 639 2587 cunr
659 2524 842 2599 indulgentia
865 2526 994 2601 plenario
1019 2528 1153 2586 fidelibus

147 2608 182 2665 in
203 2608 304 2666 mortis
330 2609 453 2665 articulo
475 2607 663 2675 constitutis,
684 2608 727 2664 uti
755 2608 787 2665 eti
811 2617 932 2684 possunt
958 2627 1017 2666 nan
1039 2608 1153 2671 tantiam

146 2690 186 2749 ad
207 2699 319 2750 eertum
332 2701 471 2768 tempus,
490 2690 738 2769 quemadmodum
751 2689 895 2748 limitatur
907 2691 938 2748 in
959 2691 1099 2751 Brevibus
1116 2694 1153 2752 ab

147 2774 209 2833 illis
228 2775 410 2852 impetratis,
424 2774 474 2834 sed
488 2774 626 2852 quamdiu
645 2775 676 2832 in
692 2775 828 2843 dioeccsi,
845 2772 927 2848 cujus
941 2774 1050 2833 intuitu
1072 2777 1152 2836 illam

147 2858 352 2935 obtinuerint,
371 2859 598 2936 permanserint.
623 2859 736 2917 Hnbent
756 2859 844 2916 etiam
861 2858 1026 2916 tenultatem
1047 2860 1153 2919 subde·

146 2941 265 3017 legundi
278 2943 350 3001 alios
360 2943 423 3020 pios
433 2943 595 3002 sacerdotes
603 2942 1150 3021 quotquotjudicaverintopportunos,

147 3025 271 3101 utipsi,
284 3026 431 3103 Episcopis
442 3026 608 3104 impeditis,
619 3027 750 3086 eamdem
765 3026 976 3130 indulgentiam
990 3029 1151 3088 conserant

146 3106 335 3186 subdelegati
348 3107 419 3168 verb
437 3110 470 3168 ed
487 3110 623 3169 facultate
633 3111 671 3168 od
685 3129 715 3169 se
726 3111 894 3171 transmisso
909 3113 952 3169 nti
965 3122 1084 3187 possunt
1098 3131 1151 3190 pro

145 3191 210 3250 toti
222 3192 357 3263 discessi,
373 3193 419 3251 vel
431 3194 591 3269 territorio,
601 3212 648 3252 cur
641 3194 795 3255 destinati
807 3205 875 3255 sunt
892 3195 1127 3272 ,quoadusque
1118 3215 1150 3257 m

145 3271 204 3332 ltoc
222 3293 344 3335 munere
363 3285 571 3353 perseverant,
586 3280 700 3337 etiamst
693 3278 872 3358 Episcopus
883 3279 1017 3356 delegans
1033 3281 1149 3341 obierit

145 3357 276 3421 tremum
297 3359 447 3420 facultates
468 3362 532 3421 istae
552 3361 689 3459 deinceps
711 3364 907 3423 concedentur
927 3371 1075 3460 perpetuae
1088 3381 1152 3425 om-

145 3440 236 3499 nibus
248 3449 278 3502 et
288 3443 423 3540 ‘singulis
444 3445 612 3522 Episcopis.
629 3446 680 3521 qui
700 3445 812 3506 litteras
829 3448 862 3506 cai
876 3447 912 3506 dc
932 3467 965 3507 re
986 3447 1148 3527 petierim,

143 3529 236 3600 qrram
255 3525 345 3586 etiam
364 3526 529 3587 facultatem
553 3526 729 3588 obtinebunt
751 3530 866 3590 Praelati
893 3531 1064 3606 interiores,
1089 3540 1149 3594 ter·

946 3616 994 3675 eg
1154 3644 1157 3647 .
