2642 4167
1085 6 1294 17 *ffssrw——ffiq—

435 203 487 265 Ea
500 201 634 284 operibns
646 201 796 264 Benedicti
803 162 893 264 XIV.
1108 205 1167 270 415

164 307 247 384 glum
264 302 346 366 Sedis
367 305 551 382 apostolicae,
567 304 702 365 immines
715 304 779 363 illas
794 321 856 364 esse
874 303 1166 385 moribuaprobatas,
1240 317 1243 324 '

163 391 273 455 habere
285 389 350 450 illas
366 390 443 448 ultra
461 406 573 449 aunum
592 388 914 465 decimumquartum,
933 398 1048 450 tantum
1074 393 1168 469 possi·

164 475 235 536 dere
248 474 286 534 de
304 473 410 534 annuis
426 473 589 548 reditibus,
607 479 645 531 ut
659 469 788 531 habeant
800 475 869 532 satis
891 472 929 532 ad
949 474 1112 546 alimenta,
1132 495 1167 538 nc

164 558 293 636 denique
306 575 366 616 non
387 575 454 617 oum
470 557 535 618 aliis
547 574 595 616 eas
608 554 797 627 cohabitare,
812 556 901 634 quam
917 576 986 618 eum
999 560 1166 620 necessariis

165 644 310 721 inprime
329 640 444 703 tantum
459 640 552 719 gradu
572 641 854 719 consanguinitatis,
876 642 923 701 vel
940 643 1088 702 affinitatis
1108 644 1165 704 sibi

165 726 350 805 conjunctis,
370 734 404 784 ut
419 743 455 785 ex
475 725 556 784 decr.
574 725 603 785 S.
617 727 725 803 Congr.
740 724 771 784 in
786 725 871 786 causa
886 728 1053 789 Nazariensi
1065 727 1113 789 die
1126 729 1165 791 10

69 824 81 832 ”
167 811 238 887 maji
260 810 347 869 1727.
361 811 405 868 De
426 810 498 888 Syn.
514 808 600 869 dioec.
616 808 816 869 tibtote.
836 827 869 869 ιι.
884 811 932 869 11.

204 895 356 954 Tertiariae
373 893 565 970 collegialiter
581 892 733 961 viventes,
754 892 830 951 rotis
842 901 940 953 tamen
963 893 1163 966 solemnibus,

166 984 197 1037 et
210 978 350 1038 clausurae
361 992 422 1037 non
436 976 581 1036 adstrictae
592 1018 600 1045 ,
611 973 747 1036 cdmsiut
760 985 861 1036 eontra
875 977 986 1039 bullam
997 979 1027 1037 8.
1038 976 1164 1040 sriit'.

165 1060 182 1120 h
198 1062 227 1120 S.
242 1063 333 1140 Cong.
347 1061 511 1120 tolerantur
522 1056 638 1137 potitis,
651 1058 740 1137 quam
751 1060 971 1137 approbentur,
985 1069 1055 1120 sunt
1067 1069 1165 1121 autem

162 1142 333 1204 omnimode
355 1145 487 1222 Episcopi
508 1141 707 1220 jurisdictioni
730 1142 890 1217 subjectae,
911 1151 947 1205 ut
974 1143 1166 1223 expluribus

166 1229 197 1286 S.
211 1229 318 1307 congr.
333 1228 469 1288 decretis.
483 1228 579 1286 Instit
595 1227 701 1286 Eccles.
718 1227 767 1287 99.
782 1245 813 1286 ιι.
825 1229 875 1288 17.

202 1312 354 1372 Tcrtlariae
374 1330 433 1372 non
449 1311 640 1388 collegialiter
671 1311 807 1370 viventes
831 1330 891 1371 non
910 1319 1033 1410 possunt
1056 1311 1166 1374 habere

165 1396 371 1456 confessarium
389 1411 605 1474 quemcumque
629 1395 718 1455 ettam
731 1412 777 1454 sut
793 1395 927 1468 ordinis,
941 1397 996 1457 nisi
1021 1397 1167 1474 approba·
1196 1459 1199 1465 ,

164 1485 230 1538 tum
250 1480 287 1540 ab
305 1482 448 1560 Episcopo
473 1497 527 1559 pro
543 1478 775 1540 confessionibus
790 1472 991 1542 secularium.
1009 1483 1083 1540 Item
1105 1499 1166 1542 non

165 1573 286 1659 possunt
303 1566 451 1646 regulares
464 1566 521 1625 illis
543 1565 592 1624 die
604 1563 719 1627 Paschae
740 1575 955 1626 sacramentum
977 1564 1167 1626 Eucharistiae

163 1646 341 1708 nulnistrare.
360 1650 576 1710 Defunctornm
579 1666 717 1746 'corpora
732 1651 894 1728 sepulturae
908 1648 1074 1709 mandanda
1096 1658 1166 1709 sunt

164 1729 195 1787 in
218 1733 343 1793 Ecclesid
357 1732 535 1811 parochiali:
557 1733 612 1792 nisr
605 1731 730 1794 ''lortd
722 1751 753 1792 ιιι
775 1733 900 1793 61111ιί1
918 1734 1100 1816 regularium
1118 1732 1164 1792 sui

165 1813 276 1876 ordmrs
288 1817 477 1897 sepulchrum
486 1823 561 1877 esset
571 1816 629 1877 tlhs
641 1816 831 1876 destinatum
839 1819 912 1876 inst
922 1817 997 1876 Eecl.
1010 1818 1058 1876 19.
1072 1834 1103 1875 ιι.
1114 1818 1161 1876 ll.

202 1900 376 1963 Benedictus
387 1901 483 1963 XIII.
499 1902 599 1963 multa
609 1901 749 1961 concessit
762 1901 933 1973 Tertiariis,
943 1901 1004 1960 sive
1018 1901 1140 1960 vivant
1132 1919 1165 1962 ιιι

164 1987 314 2046 communi
333 1988 527 2082 monasterio,
542 1988 603 2047 sive
615 1987 697 2046 domi
709 2004 769 2045 suae
789 1987 880 2044 vitam
897 1982 984 2064 agant
997 1986 1164 2063 priuatam,

164 2085 230 2144 quae
242 2070 370 2146 ut'ique
359 2088 409 2146 Jus
422 2089 533 2131 novum
553 2070 713 2131 concedere
736 2069 930 2145 viderentur,
942 2069 993 2129 sed
1017 2063 1166 2130 1611611-

163 2169 246 2212 mena
260 2153 336 2214 XII.
362 2155 395 2213 in
417 2156 469 2215 sua
486 2155 708 2215 constitutione
721 2157 872 2215 Romanos
890 2154 960 2213 anni
978 2150 1107 2213 ttae·
1096 2170 1165 2230 Jura

163 2235 377 2315 Tcrtlariorum
393 2240 574 2299 revocaverit
587 2238 624 2298 ad
638 2238 782 2297 terminos
794 2237 915 2297 concilii
928 2236 1114 2308 Tridentini,
1131 2252 1165 2296 ae

162 2304 348 2381 decretorum
362 2322 610 2400 apostolicorum;
624 2320 692 2383 ided
704 2320 779 2381 nihil
795 2322 906 2387 norum
915 2320 953 2381 de
963 2320 1023 2380 illis
1035 2327 1165 2380 statuen-

162 2400 235 2461 dum
251 2404 412 2463 est.1b.n
430 2406 480 2463 16.

201 2487 353 2546 'sortiariae
370 2486 558 2566 collegialiter
573 2489 707 2549 viventes
724 2506 761 2549 ex
771 2494 888 2568 recepta
905 2489 936 2549 S.
952 2486 1064 2567 Cong.
1054 2505 1164 2547 immu-

163 2569 264 2629 nitatis
286 2571 444 2649 opinione,
466 2572 595 2650 gaudent
611 2573 800 2634 immunitate
825 2574 893 2634 lori.
908 2574 1044 2633 Vicissim
1065 2581 1164 2634 autem

162 2653 313 2714 Tertiarioe
335 2656 368 2715 in
392 2655 530 2716 domibus
552 2657 674 2734 privatis
697 2655 864 2717 habitantes
886 2655 990 2716 eodem
1009 2656 1164 2735 privilegio

162 2753 223 2798 non
229 2737 368 2817 gaudent,
376 2757 412 2800 ex
420 2738 589 2802 doctoribus
601 2739 753 2801 delinitur.
762 2743 858 2801 instit.
867 2741 973 2802 Eccles.
990 2742 1058 2801 tot.
1069 2758 1101 2801 ιι.
1112 2742 1162 2801 68.

530 2927 790 2987 TESTAMENTI.

199 3101 420 3163 Testamentum
437 3104 546 3166 Iactum
572 3122 671 3166 coram
689 3103 818 3181 parocho
830 3115 860 3166 et
872 3106 987 3168 duobus
1000 3077 1102 3167 saltem
1119 3116 1164 3166 te·

161 3185 255 3246 stibus
275 3186 388 3248 idoneis
408 3190 485 3249 valet
498 3207 552 3267 pro
572 3197 636 3249 toto
653 3198 730 3248 statu
748 3190 963 3263 ecclesiastico,
985 3192 1041 3251 nisi
1067 3191 1164 3251 obstet

160 3270 435 3414 ῗιᾶιιιιᾶἐιιῖἐδῗέιιηιοά
448 3273 649 3352 municipale,
667 3292 703 3334 ex
715 3272 905 3399 dispositione
916 3294 983 3354 cap.
1001 3276 1075 3335 Corn
1091 3290 1164 3337 11111

147 3420 149 3425 ’
161 3438 385 3498 Testamenta
396 3438 432 3499 ad
444 3457 543 3501 causas
559 3441 622 3521 pias
632 3451 696 3505 toto
707 3443 779 3504 orbe
791 3441 934 3504 catholieo
949 3442 1045 3503 ualent
1056 3463 1080 3503 sr
1073 3441 1164 3525 dant

158 3520 408 3668 ἴοιῖιιιιΕάιίοΙίιόἱ
416 3522 558 3601 testibus,
571 3544 608 3587 ex
621 3546 686 3607 cap.
703 3524 840 3609 Ilclntum
857 3530 906 3589 ll.
926 3526 961 3590 de
975 3513 1163 3590 secernente.

176 3622 208 3664 ns
272 3623 303 3666 ce
