2642 4167
444 151 493 209 Ex
507 146 641 230 operibus
654 144 803 210 Bcaaedt‘ctt‘
814 152 903 213 XIV.
926 146 928 151 ’
1120 150 1172 215 50¹

210 249 348 310 ilonialcs
368 259 434 327 post
452 249 658 326 professionem
673 267 769 327 ncqne
790 251 878 309 ctiam
900 249 937 310 ad
953 249 1044 311 breve
1059 258 1175 330 tempus

169 335 251 395 exire
274 342 397 411 possunt
423 331 441 394 ὀ
466 334 668 402 monasterio,
699 334 754 393 nisi
776 351 811 393 cx
830 333 927 411 aliqud
945 333 1075 409 legitimi
1091 338 1175 397 cnosi

168 418 208 479 ab
229 418 369 515 Episcopo
382 415 581 494 appmbandd
600 417 699 475 Causae
720 426 820 476 autcm
844 427 914 476 sunt
932 434 968 476 cx
992 417 1108 476 Extrav
1124 417 1177 479 Pii

174 504 209 563 V.
231 501 320 579 incip.
339 500 445 560 Decori
459 509 515 560 etc.
539 498 729 573 incendium,
752 501 833 579 lepra
856 508 887 560 et
915 499 1074 624 epidemia
1100 502 1173 563 lust.

169 586 278 645 Eccles
293 586 340 645 85.
355 602 386 644 n.
401 586 450 645 ll

209 671 244 729 ln
269 671 484 730 consecratione
499 678 598 731 tamen
615 688 651 730 ex
668 670 838 748 praescripto
853 620 1031 730 Pontiiicalis
1050 672 1174 732 Romani

170 754 252 814 exire
266 752 374 813 debent
391 751 409 813 e
426 755 578 825 clausuri,
597 764 627 814 et
646 754 762 832 ingredi
783 756 814 813 in
835 755 991 814 Ecclesiam
1011 754 1175 815 senioribus

169 837 314 899 matronis
329 854 379 898 eas
396 838 604 899 comitantibus
619 880 629 911 ‚
647 839 790 897 utstatim
815 838 853 896 ad
874 839 1039 899 clausuram
1065 839 1172 903 redito.

171 922 250 982 ibid.
267 940 298 981 n.
320 923 370 983 20.

209 1006 343 1084 Denique
370 1008 519 1067 occasione
546 1006 772 1066 consecrationis
800 1006 971 1067 carumdem
1000 1009 1173 1069 monialium

171 1108 233 1149 non
255 1089 321 1149 lieet
334 1091 474 1168 Episcopo
493 1091 607 1168 ingredi
627 1092 658 1151 iu
681 1091 870 1160 citrusumm,
891 1110 945 1150 nce
964 1091 1058 1153 marito
1083 1096 1174 1172 magis

171 1173 242 1234 licet
254 1173 283 1233 id
295 1191 381 1252 agore
392 1177 533 1252 magistro
548 1175 807 1248 ceremoniarum,
826 1185 856 1235 ct
868 1177 1091 1255 consanguineis
1104 1197 1173 1238 con·

169 1259 376 1319 sccrandarum
387 1260 547 1338 virginum.
563 1261 605 1319 lta
619 1278 655 1319 ex
669 1259 772 1318 eodem
784 1260 912 1319 decrcto.
935 1261 1009 1319 ibid.
1024 1279 1054 1321 n.
1076 1263 1126 1323 li.

209 1343 360 1403 Violantcs
387 1345 552 1405 clausuram
575 1344 749 1404 ntonialium
776 1343 811 1402 ad
835 1343 946 1403 malum
969 1344 1085 1418 finam,
1112 1365 1173 1408 non

170 1436 270 1488 tamon
283 1434 425 1506 pretextu
444 1429 613 1489 facultatum
633 1429 839 1498 obtentarum,
853 1445 912 1488 non
928 1429 1038 1489 evitant
1057 1447 1174 1490 excom·

170 1512 398 1573 munientioncm
424 1521 600 1573 reservatam
630 1511 784 1587 Pontifici3
800 1530 890 1589 quam
907 1513 996 1570 etiam
1017 1513 1174 1572 incurrunt

169 1597 358 1656 admittentes
370 1595 536 1672 hujusmodi
549 1596 704 1657 violatores
719 1643 727 1664 ,
742 1613 839 1672 neque
861 1605 1037 1654 excusantur
1055 1613 1091 1655 ex
1101 1613 1172 1656 con·

169 1682 260 1740 trariai
272 1682 482 1742 cousuetudine
502 1684 590 1741 ctiam
609 1690 674 1758 post
686 1680 850 1738 Concilium
871 1679 1050 1739 introducti.
1074 1681 1119 1739 lta
1137 1699 1173 1741 ex

169 1765 227 1825 olio
244 1767 324 1827 decr.
341 1784 414 1826 sacr.
431 1766 540 1844 Congr.
563 1765 640 1825 ibid.
663 1782 695 1822 n.
708 1766 758 1822 at.

177 1870 181 1877 ·
209 1849 379 1910 Educandas
403 1850 514 1928 puellas
540 1858 571 1908 et
596 1848 719 1908 famulas
746 1849 777 1906 in
810 1847 973 1906 clausuram
999 1849 1172 1913 monialium

169 1935 318 1994 introduci
341 1933 525 2012 qudcumque
540 1951 575 1993 cx
590 1934 675 1992 corrasi
689 1940 768 1991 vetat
782 1932 913 1990 Pontiicx
925 1932 988 1992 sine
1006 1932 1172 2017 authentici

168 2018 342 2097 Apostolicae
355 2020 436 2077 Sedis
448 2019 565 2078 licentii
580 2019 666 2078 totics
680 2018 794 2094 quoties
808 2017 1007 2094 impetrandi,
1023 2027 1053 2077 et
1064 2021 1173 2096 praevio

170 2104 304 2162 cananae
316 2102 540 2162 ordinariorum
563 2103 638 2173 loci,
651 2102 702 2161 ubi
716 2103 770 2160 sita
786 2110 856 2160 sunt
873 2102 1046 2161 monasteria
1058 2122 1172 2181 ‚supcr

169 2187 324 2258 arnor-ibus,
339 2186 439 2258 iamd
461 2185 629 2258 habilitate,
650 2187 836 2255 necessitate,
858 2186 986 2264 ipsarum
1005 2186 1171 2248 morando·

168 2288 239 2330 rum
255 2288 306 2331 seu
324 2271 512 2332 famularum.
536 2273 610 2332 lta
602 2289 633 2332 ιιι
650 2272 756 2332 litteris
777 2270 813 2329 ad
836 2272 1010 2393 Episcopum
1034 2279 1170 2349 portuga-

169 2355 305 2418 lieusem

597 2527 751 2587 eueniet.

210 2696 331 2757 clericis
355 2695 492 2757 omnibus
517 2695 609 2754 rotari
631 2694 669 2752 ab
690 2693 832 2771 Episcopo
850 2700 945 2769 potcst
967 2693 1087 2769 gestatio
1111 2692 1172 2753 iicti

169 2780 327 2858 capillitii3
347 2774 527 2840 beneficiatis
544 2776 615 2837 vero
633 2779 721 2836 ctiam
744 2776 776 2835 in
798 2776 886 2833 sacris
905 2792 963 2834 non
987 2777 1172 2846 constitutis,

169 2865 249 2924 sicut
264 2865 352 2924 etiam
370 2863 480 2925 cacteris
498 2862 587 2921 sacris
611 2862 754 2929 initiatis,
768 2860 811 2919 ias
830 2865 873 2918 est
894 2859 1037 2936 Episcopo
1054 2858 1083 2919 id
1103 2875 1174 2938 pro·

167 2944 275 3008 hibere
293 2949 381 3008 otiam
406 2946 461 3007 sub
480 2946 805 3012 excommunicatione,
835 2940 879 3001 uti
901 2960 937 3000 cx
962 2942 1096 3019 pluribus
1121 2941 1173 3002 dc·

167 3032 259 3090 cretis
280 3031 310 3091 S.
327 3033 438 3108 congr.
457 3031 501 3088 De
517 3030 589 3107 Syn.
610 3028 696 3095 dioec.
724 3029 745 3086 l.
769 3029 817 3088 ii.
836 3045 863 3086 c.
885 3028 915 3086 9.
941 3045 972 3085 ιι.
991 3028 1021 3085 t.
1045 3035 1075 3086 et
1099 3027 1171 3086 lust.

167 3113 278 3173 Eccles.
294 3115 343 3175 tto.
359 3134 390 3174 n.
407 3115 436 3174 o.
452 3115 456 3121 ’

206 3198 412 3258 Sacerdotibus
423 3195 494 3257 acri
507 3214 620 3257 sacrum
632 3197 825 3275 operantibus
852 3212 1015 3274 numquam
1037 3195 1081 3255 nti
1104 3195 1173 3255 licet

167 3297 203 3341 eo
232 3283 395 3361 capillitio
421 3283 477 3341 nisi
502 3281 539 3340 dc
561 3281 680 3342 licentii
706 3301 795 3344 sacroe
826 3281 1094 3359 congregationis3
1119 3297 1172 3339 nec

165 3365 257 3424 etiam
283 3365 348 3425 suil'
350 3367 390 3425 ιιι
412 3365 583 3444 episcopalis
611 3367 790 3444 permissio,
816 3363 860 3425 uti
890 3383 925 3424 ex
958 3364 1051 3424 litoris
1080 3365 1172 3424 inno·

165 3446 258 3509 ceratii
268 3450 301 3509 X
301 3450 345 3509 11
357 3448 394 3507 ad
405 3449 530 3510 Nuntios
544 3450 719 3528 apostolicos
730 3459 760 3509 ct
775 3450 931 3527 Episcopus
943 3447 1028 3509 datis.
1043 3448 1087 3508 De
1098 3449 1170 3526 Syn.

165 3529 253 3591 dimo
269 3532 344 3592 lbid
362 3550 393 3592 n.
408 3534 436 3592 il.

209 3616 294 3677 Your.
309 3618 379 3677 IX:
925 3620 927 3623 ’
987 3613 1027 3677 56
