2642 4167
26 1 460 45 w

167 215 224 276 too
435 214 548 273 Praxo
560 209 745 291 confessarii.
762 213 835 293 Cap.
851 215 899 273 ff.

165 312 228 391 ejus
241 319 375 373 naturam
388 354 397 383 ,
412 310 563 383 indolem,
577 320 607 371 et
629 312 759 371 defectus
780 314 954 391 perquirat:
974 313 1051 375 item.
1064 316 1174 394 quibus

166 397 323 457 indulserit
341 395 541 475 passionibus,
558 404 588 456 ct
602 397 768 469 prasertim
788 398 812 455 si
826 397 863 456 ad
876 398 1006 474 aliquam
1025 399 1175 460 bonorum

165 491 217 540 aut
229 481 313 540 famoe
328 480 545 540 restitutionem
564 489 723 539 teneatur:
744 481 769 538 si
792 481 894 540 odium
912 491 963 540 aut
981 500 1101 560 pravam
1121 483 1177 542 ha⁴

165 563 263 624 buerit
283 564 463 633 amicitiam,
484 570 517 621 ut
543 563 682 622 omnibus
703 574 906 642 opportunum
933 566 1068 642 praebere
1084 570 1177 645 possit

165 646 341 707 remedium.
358 648 464 706 Curcet
476 664 644 707 memorare
662 647 783 707 infirmo
800 665 938 725 personas
953 649 1021 708 odio
1042 649 1174 724 habitas,

165 741 215 791 aut
229 729 347 808 impure
357 731 494 799 dilectas,
508 732 532 790 si
541 731 578 790 ad
592 730 648 791 hoc
659 749 695 791 ex
706 730 944 793 necessitatenon
958 734 1173 812 obstringetur.

165 816 341 876 vulneratos
351 858 359 881 ‚
370 822 526 893 postquam
543 816 687 894 quidquid
700 816 736 875 ad
751 817 954 876 remissionem
968 818 1096 895 pertinet
1105 832 1176 898 pro·

166 900 262 960 visum
284 900 374 959 fuerit
385 943 395 974 ,
415 916 453 958 ne
479 900 642 976 interroget
663 901 729 977 quis
745 900 830 971 ilios,
853 919 910 977 qua
938 900 975 960 de
997 908 1104 977 causa,
1128 903 1175 962 vol
1205 959 1212 963 ,

167 983 440 1060 quomodofoeserit
454 1003 463 1056 ς
475 990 506 1041 et
519 983 543 1042 si
559 985 696 1043 infirmus
715 984 753 1043 de
772 983 828 1044 hoc
840 984 993 1062 loquitur,
1007 1004 1175 1045 sermonem

167 1067 203 1126 ad
218 1068 299 1127 aliud
312 1067 462 1127 divertere
487 1070 633 1127 caream
651 1070 691 1128 ita
705 1070 815 1139 etiam,
835 1070 859 1127 si
879 1070 1032 1129 necessitas
1051 1088 1112 1129 non
1125 1088 1175 1129 ur·
1227 1074 1229 1077 ’

166 1160 249 1228 goat,
263 1170 316 1212 nec
336 1151 374 1210 de
388 1152 489 1210 litibus
502 1197 511 1226 ,
523 1152 595 1211 filiis
608 1195 616 1221 ‚
628 1151 714 1211 bonis
724 1196 732 1223 ,
743 1152 868 1231 aliisque
881 1154 971 1213 rebus
983 1155 1175 1232 impertinen-

166 1237 245 1297 tibus
257 1237 380 1297 verbum
388 1236 516 1313 -quidem
528 1236 625 1296 faciat.

205 1322 274 1381 25¹.
290 1323 344 1380 llf.
359 1318 427 1380 Post
436 1320 622 1399 igiturquim
633 1320 772 1380 morbum
786 1321 985 1398 periculosum
997 1340 1058 1382 esse
1070 1321 1176 1401 depre-

167 1405 325 1474 henderit,
339 1406 369 1465 in
384 1405 487 1482 primis
501 1424 561 1465 non
583 1406 751 1482 alloquatur
764 1405 918 1464 infirmum
931 1407 968 1465 de
982 1407 1173 1474 confessione,

168 1491 218 1552 sod
230 1489 345 1551 tantum
355 1507 424 1549 eum
435 1490 473 1549 tie
485 1490 659 1550 infirmitate
671 1535 679 1560 ‚
693 1490 846 1557 doloribus
859 1535 867 1562 ‚
882 1501 909 1550 et
922 1490 1069 1567 quomodo
1080 1491 1175 1549 valeat

168 1574 295 1653 benigne
315 1577 487 1653 interroget.
505 1575 648 1633 ifortetur
672 1572 764 1647 inde,
780 1583 814 1633 ut
835 1593 866 1634 se
880 1576 933 1634 Dei
947 1576 1091 1634 voluntati
1105 1593 1175 1634 con·

168 1661 295 1730 formet,
316 1666 408 1736 utque
434 1676 500 1718 suas
517 1677 585 1717 cum
607 1657 723 1717 Christo
746 1660 777 1717 in
799 1677 885 1717 cruce
901 1659 1051 1737 languenti
1075 1676 1175 1736 poenas

169 1743 351 1821 conjungat,
368 1760 483 1803 necnon
509 1750 608 1801 utens
631 1761 687 1820 pro
708 1752 893 1819 pcccatorum
917 1744 1110 1802 satisfactione
1121 1760 1176 1819 pa·

169 1829 277 1887 tientcr
288 1829 372 1887 ferat.
388 1830 425 1886 Et
438 1828 479 1885 sic
493 1828 635 1904 paulatim
652 1872 659 1897 ,
673 1828 730 1903 qua
745 1845 798 1904 par
817 1837 861 1885 est
879 1827 1037 1905 prudentii
1046 1869 1056 1900 ,
1070 1825 1173 1894 illum,

169 1921 286 1988 tompus
306 1910 322 1969 i
343 1929 403 1988 quo
422 1912 569 1970 confossus
589 1912 628 1969 sit
652 1911 882 1988 interrogando,
900 1910 937 1969 ad
964 1910 1174 1971 confessionem

169 1995 299 2055 inducat.
314 1995 447 2069 moneat,
468 2003 503 2052 ut
524 2013 643 2054 omnem
666 2012 749 2053 suam
762 2013 844 2072 spem
865 1996 896 2053 in
913 1996 974 2053 Deo
997 2001 1088 2072 ponat
1101 2036 1110 2062 ‚
1124 1993 1174 2069 qui

168 2087 271 2157 potens
287 2087 331 2138 est
347 2079 444 2157 ipsum
464 2079 495 2138 in
515 2081 688 2158 pristinam,
709 2081 733 2139 si
745 2080 837 2152 velit,
853 2081 994 2139 reducere
1009 2079 1172 2138 sanitatem.
1278 2084 1281 2089 '

168 2166 207 2223 At
227 2163 331 2223 eodem
348 2174 482 2242 tempore
505 2166 612 2224 sensim
629 2165 758 2236 officiat,
776 2174 810 2224 ut
825 2175 953 2241 aegrotus
973 2182 1033 2222 suae
1049 2162 1176 2221 infirmi·

169 2249 236 2308 tatis
255 2249 420 2326 periculum
434 2259 579 2326 agnoscet.
594 2250 760 2308 Praesertim
772 2249 920 2317 advertat,
936 2267 973 2308 ne
989 2249 1039 2307 ille
1053 2245 1174 2307 omnino

168 2333 257 2394 iidem
271 2334 400 2410 praebeat
416 2333 554 2403 medicis,
574 2340 604 2391 et
618 2334 810 2410 propinqum,
830 2334 881 2410 qui
903 2332 979 2392 forto
997 2330 1095 2390 morbi
1108 2348 1174 2407 gra·

168 2420 288 2478 vitatem
299 2419 326 2476 ei
340 2419 493 2491 celabunt,
504 2435 542 2476 ne
555 2418 652 2494 ipsum
662 2436 788 2477 auoerorc
801 2418 938 2499 afficiant.
953 2416 1054 2486 Dicat,
1064 2414 1175 2491 sapien·

169 2506 207 2564 tis
221 2520 283 2563 esse
301 2502 464 2580 previdere
478 2501 588 2560 futuro.
600 2502 745 2561 Hortetur'
753 2546 761 2572 ‚
774 2511 808 2560 ut
821 2501 893 2561 dum
906 2519 988 2559 mens
1004 2499 1097 2568 valet,
1111 2516 1174 2557 con·

168 2588 323 2651 fossionem
340 2587 493 2663 suscipiat,
510 2604 575 2662 quac
589 2587 720 2664 corporis
736 2587 822 2645 saluti
833 2586 868 2664 (si
882 2587 987 2643 animae
1001 2581 1174 2660 expedierit)

169 2675 257 2734 utiam
280 2670 421 2749 proderit.
438 2671 537 2729 Refert
545 2667 749 2730 Beffuoccusia
766 2671 803 2729 dc
823 2669 951 2746 quodam
972 2665 1173 2734 moribundo,

169 2754 248 2836 quod
264 2755 363 2814 statim
379 2771 411 2811 ae
424 2755 486 2831 ipse
505 2771 556 2811 sua
577 2754 722 2812 coufessus
741 2755 833 2813 fucrit
847 2762 978 2830 peecata,
996 2749 1116 2811 estrato
1129 2751 1174 2808 in-

169 2840 292 2901 columis
306 2833 477 2896 surrererit.
493 2837 605 2895 Paritcr
620 2836 857 2917 Garrtiprctenais
877 2844 995 2895 enarrat
1014 2832 1095 2911 quaid
1109 2833 1175 2910 qui-

170 2924 238 2984 dam
254 2939 363 3000 eques,
376 2920 427 2979 ubi
446 2921 549 2979 multoc
565 2937 624 2978 nou
644 2923 816 2998 profuerant
835 2919 1006 2988 medicinae,
1025 2917 1175 2977 confessio

170 3008 216 3068 nis
232 3008 342 3066 virtute
354 3005 454 3063 statim
467 3006 662 3064 convaluerit.

207 3093 277 3154 252.
292 3091 323 3148 Si
348 3098 446 3147 tamen
475 3099 601 3166 aegrotus
620 3089 791 3149 ditationem
813 3090 941 3168 quaerit,
963 3096 994 3148 et
1010 3085 1175 3166 periculum

171 3175 275 3238 mortis
288 3217 296 3242 ,
309 3172 457 3249 lethargi,
476 3174 523 3232 vcf
549 3173 647 3233 delirii
669 3177 904 3237 imminensnon
932 3180 996 3242 est,
1018 3170 1129 3248 poterit
1148 3170 1177 3230 ei

171 3259 336 3334 indulgere.
362 3259 451 3317 Curet
469 3266 586 3327 tamen,
612 3269 645 3317 ut
668 3258 718 3316 ilic
739 3258 917 3318 determinet
942 3266 1079 3333 tempuS‚
1106 3249 1177 3331 puli

171 3360 378 3419 vesperarum,
399 3343 446 3401 ref
467 3344 546 3402 diem
566 3345 745 3413 crastinum,
768 3341 941 3402 confessioni
968 3337 1131 3417 explendae.
1146 3335 1176 3394 si

172 3437 269 3488 umen
292 3427 457 3503 periculum
476 3428 636 3487 imminens
649 3438 713 3496 est,
731 3430 827 3505 ipsum
858 3443 927 3484 cum
951 3422 1177 3502 aristocratiae

149 3542 152 3555 ι
172 3518 309 3581 moneat,
325 3509 404 3586 quod
422 3513 499 3571 Deus
512 3530 571 3571 non
582 3513 926 3589 promiseritpeccatorcs
939 3517 1113 3586 expectare,
1126 3503 1177 3564 secl

173 3587 288 3649 tantam
303 3609 422 3666 parcere
444 3595 486 3652 eis
508 3595 531 3654 si
553 3596 759 3673 paenitentiam
778 3603 865 3672 agant
887 3614 897 3650 z
923 3590 1097 3654 Crastinum
1117 3606 1176 3650 non
