2642 4167
152 268 209 328 lau
432 263 545 328 Proseis
558 263 743 348 eootlssorii.
760 268 833 347 Cup.
846 266 877 326 9.

154 365 260 430 mclibs
282 374 354 430 tunc
369 373 415 428 est
431 366 469 428 od
489 366 704 448 purificandam
722 364 889 428 animanti
913 364 1000 445 culpa
1024 366 1094 440 illa,
1114 365 1188 449 uti*

153 452 217 514 istis
242 452 365 526 mediis,
388 450 476 531 qubm
498 452 609 531 privari
632 452 842 513 commuuione
858 458 981 531 propter
996 451 1167 512 absentium
1250 510 1254 517 ,

154 535 334 598 confessarii.
361 538 398 597 Bt
422 535 537 615 sapiens
557 536 679 615 quidam
704 537 833 597 director
854 535 989 608 dicebat,
1007 535 1088 615 qubd
1106 536 1167 596 ali·

154 622 273 701 quando
292 620 382 701 longe
396 621 575 683 fructuosius
588 631 633 682 est
653 641 708 701 pro
719 622 897 701 quibusdam
909 621 1064 682 animabus
1072 621 1169 683 timo·
1251 641 1260 655 ·

153 706 227 769 ratis
244 706 400 786 disponere
416 724 448 767 so
466 705 502 766 ad
522 709 762 768 communionem
775 707 887 767 actibus
900 708 977 782 suis,
992 705 1081 786 quim
1092 724 1167 769 cum

154 789 217 869 ipsa
236 793 425 853 consessione.
448 792 485 850 Et
501 791 651 853 multoties
671 791 795 866 accidit,
812 790 892 870 qubd
909 801 982 852 tunc
1008 791 1105 852 anima
1128 799 1168 853 se'

154 873 290 1017 pispooat
303 875 416 937 actibus
435 876 663 937 ferventioribus
678 875 883 948 contritionis,
907 874 1114 951 confidentiae,
1129 885 1167 938 et

178 960 341 1020 umilitatis.

195 1043 264 1104 ltu.
289 1043 391 1118 Quoad
416 1037 488 1106 verb
513 1043 776 1118 communionem,
800 1061 862 1105 non
882 1045 1036 1123 loquimur
1055 1041 1104 1106 lde
1121 1044 1166 1105 de

154 1126 334 1207 obligatione
347 1136 498 1208 pastorum
514 1130 681 1190 animarum
699 1148 760 1191 uon
776 1129 903 1209 negandi
922 1131 1166 1191 communionem

155 1212 330 1292 cuicumque
349 1213 468 1275 subdito
485 1214 537 1293 qui
554 1231 615 1277 non
636 1215 675 1275 sit
695 1213 812 1293 publice
828 1221 983 1294 peccator,
1000 1221 1031 1274 et
1046 1215 1167 1292 quoties

154 1297 369 1359 rationabiliter
380 1306 470 1378 petat.
485 1299 560 1359 Satis
573 1298 611 1359 de
626 1297 683 1360 boe
702 1301 816 1378 egimus
835 1301 868 1361 in
881 1299 970 1360 libro
983 1297 1060 1378 (tto.
1079 1301 1109 1360 6.
1124 1318 1162 1360 re.

155 1382 250 1463 att),
265 1383 297 1444 in
314 1400 373 1463 quo
390 1383 538 1461 vidimus,
554 1383 761 1445 Innocentium
773 1384 835 1446 XI.
848 1385 880 1444 in
899 1382 1026 1463 quodam
1038 1401 1091 1445 suo
1103 1385 1167 1444 lle·

153 1475 235 1528 creto
256 1467 406 1529 ordinasse
422 1485 509 1527 usum
529 1468 747 1542 communionis
765 1468 1037 1548 frequentistotuin
1048 1467 1166 1528 remitti

155 1552 321 1633 prudentiae
338 1553 600 1631 confessariorum
617 1552 697 1613 unde
714 1557 779 1614 sine
795 1553 929 1615 evidenti
948 1571 1050 1625 causa,
1063 1553 1166 1613 nescio

155 1637 307 1716 quomodb
321 1635 439 1717 parochi
456 1640 570 1718 possint
587 1637 652 1699 tutd
671 1639 852 1699 couscientia
871 1639 1016 1716 denegare
1035 1637 1167 1716 petenti·

155 1719 211 1783 bus
230 1723 482 1783 communionem.
500 1724 537 1783 Et
557 1721 723 1783 notandum
738 1731 782 1784 est
795 1767 804 1795 ‚
817 1721 898 1802 qubd
917 1721 950 1782 iu
967 1723 1086 1801 praelato
1102 1716 1178 1781 De?

156 1816 238 1869 creto
257 1804 432 1886 prohibetur
443 1805 592 1886 Episcopis
601 1806 792 1886 prescribere
806 1806 837 1868 in
849 1823 956 1886 genere
968 1807 1028 1866 suis
1038 1805 1166 1865 subditis

154 1891 218 1952 dies
231 1890 268 1951 ad
277 1890 438 1952 faciendam
449 1891 689 1951 communionem
701 1912 710 1968 3
724 1890 775 1953 sed
792 1892 944 1970 loquimur
956 1887 1005 1950 bio
1020 1889 1167 1951 duntaxat

153 1974 192 2035 de
211 1973 300 2035 modo
321 1970 380 2054 quo
405 1974 571 2034 confessarii
597 1974 707 2036 debent
730 1994 763 2036 sc
788 1993 891 2055 gerere
913 1977 946 2036 iu
976 1974 1166 2035 concedenda

100 2060 104 2068 “
154 2059 363 2121 communione
388 2059 448 2121 suis
472 2059 698 2137 poenitentibus.
720 2060 833 2122 ln'hoc
852 2059 973 2140 quidam
995 2068 1096 2120 errant
1120 2059 1165 2119 ob
1276 2110 1281 2123 .

152 2143 277 2204 nimiam
296 2142 532 2222 indulgentiam,
552 2144 601 2204 alii
616 2144 655 2204 ob
673 2146 800 2207 nimium
813 2147 953 2224 rigorem.
969 2147 1035 2205 Non
1049 2152 1092 2204 est
1103 2144 1166 2203 du-

153 2228 240 2291 bium
256 2229 330 2307 quin
353 2227 513 2299 emersit,
530 2238 565 2289 ut
583 2230 777 2292 advertitSS.
786 2233 826 2292 P.
837 2228 1012 2291 Benedictus
1024 2229 1112 2291 XIV.
1129 2229 1165 2287 iu

153 2331 243 2374 aureo
264 2331 318 2374 stro
343 2312 421 2373 libro
438 2312 476 2372 de
493 2312 631 2392 synodo,
654 2314 814 2376 concedere
839 2313 1077 2376 communionem
1101 2313 1166 2372 sre-

152 2405 293 2480 qoentem
311 2400 348 2460 iis
367 2398 419 2478 qui
437 2398 513 2479 saepe
533 2399 565 2459 iu
587 2410 703 2480 peccata
723 2401 824 2482 gravia
846 2400 1006 2472 labuntur,
1019 2399 1166 2460 necsolli·

154 2487 205 2547 citi
223 2495 293 2546 sunt
309 2484 347 2545 de
364 2485 474 2564 agenda
496 2487 669 2565 poenitentia
684 2531 693 2560 ,
707 2506 741 2547 ac
758 2488 859 2548 desua
872 2485 1095 2561 emendation03
1108 2495 1165 2546 aut

154 2572 190 2632 iis
211 2571 262 2651 qui
284 2569 426 2631 accedunt
452 2570 489 2631 ad
507 2573 748 2634 communionem
768 2591 836 2643 oum
859 2571 963 2632 ellectu
988 2571 1025 2631 ad
1044 2579 1164 2649 peccota

154 2657 278 2717 venialia
305 2656 465 2717 deliberata
488 2658 552 2718 siue
577 2660 639 2721 ullo
666 2658 812 2721 desiderio
835 2677 867 2719 se
887 2657 925 2717 ab
950 2658 993 2719 eis
1015 2658 1164 2718 liberandi

154 2740 230 2822 (Lib.
243 2743 273 2803 6.
288 2761 320 2803 u.
334 2742 427 2821 bib).
445 2743 568 2823 Expedit
586 2744 707 2823 quidem
721 2743 880 2824 aliquando
895 2742 1055 2804 concedere
1077 2761 1164 2803 com·

153 2827 326 2889 munionem
344 2828 509 2906 aliquibus,
524 2832 575 2908 qui
595 2841 692 2891 essent
709 2832 740 2891 in
760 2830 891 2909 periculo
913 2829 1031 2890 labendi
1046 2829 1078 2888 in
1091 2846 1164 2905 peo-

154 2920 217 2974 cata
236 2911 371 2990 lethalia,
386 2921 420 2975 ut
432 2914 509 2974 viros
525 2917 670 2994 recipiant
680 2916 718 2976 ad
733 2916 950 2976 resistendum:
966 2916 1016 2975 sed
1025 2924 1163 2993 respectu

153 3015 256 3060 corum
277 3014 489 3077 personarum,
508 3017 574 3076 qum
595 3019 655 3061 non
674 3001 805 3060 existunt
820 3001 852 3060 in
866 2999 917 3059 tali
928 3000 1078 3078 periculo,
1093 3007 1124 3059 et
1144 2998 1164 3060 d

151 3080 255 3143 contra
274 3082 464 3142 committunt
481 3083 630 3145 ordinarie
644 3094 761 3164 peccata
782 3083 907 3144 venialia
928 3083 1108 3156 deliberata,
1130 3094 1163 3144 et

153 3167 235 3228 nulla
252 3165 283 3225 in
296 3167 338 3226 eis
350 3165 534 3238 emendatio,
550 3186 648 3247 neque
664 3169 843 3230 desiderium
854 3168 1067 3228 emendationis
1077 3166 1163 3228 eilul-

152 3260 223 3329 get,
243 3251 389 3330 optimum
411 3253 469 3311 erit
490 3270 550 3312 non
574 3254 746 3332 permittere
770 3254 812 3314 eis
833 3253 1071 3313 eommunIonem
1092 3252 1163 3330 pluis

149 3332 243 3412 quiam
260 3334 349 3394 semel
366 3335 398 3395 in
423 3333 606 3398 bebdomada
619 3382 628 3411 ‚
642 3338 705 3400 imb
719 3339 830 3418 poterit
840 3337 998 3416 expediens
1015 3353 1080 3397 esso
1098 3338 1161 3399 illis

152 3412 310 3492 aliquando
327 3437 380 3498 per
407 3422 554 3501 integram
574 3421 789 3484 hebdomadam
806 3421 1044 3481 communionem
1063 3422 1160 3482 iuter·

150 3493 266 3594 dicere,
279 3509 313 3560 ut
333 3502 477 3580 majorem
495 3509 664 3588 concipiant
680 3506 836 3569 horrorem
860 3507 894 3565 in
911 3523 980 3567 suos
1000 3504 1157 3573 deiectus,

152 3588 181 3635 ⁰²
194 3597 337 3654 m⁰l⁰lem
351 3606 420 3665 erga
434 3593 656 3654 Sacramentum
674 3591 732 3654 hoc
751 3591 949 3654 reverentiam
966 3591 1014 3668 (C.
1030 3592 1159 3652 Peracto
1207 3652 1211 3658 ,

153 3660 200 3724 to.
215 3663 295 3721 Dist.
312 3670 343 3726 2.
361 3670 396 3730 dc
413 3677 648 3760 conscentium).
663 3677 759 3742 Tantb
780 3679 892 3758 magia,
910 3675 991 3755 qubd
1010 3678 1157 3738 sententia
