2642 4167
526 231 572 294 ve
591 229 809 295 occasioaoric'a.
1134 234 1173 297 tt

197 341 248 400 66.
267 335 371 398 Plures
386 334 451 406 DD.
466 343 585 394 censent
595 335 690 411 prima
702 378 713 403 ,
723 343 775 392 aut
790 332 992 396 secundariae
1004 333 1079 395 bend
1092 332 1171 396 bunc

156 423 270 484 absolvi
284 437 386 501 posse,
404 418 456 497 qui
475 427 519 477 cst
534 418 564 477 in
581 419 732 477 occasione
746 420 879 496 proxima
898 417 967 479 licet
983 419 1168 492 voluntaria,

124 549 128 556 -
155 510 247 569 ctiam
266 515 425 582 antequam
440 503 553 561 occasio
566 502 735 574 auleratnr3
750 499 839 561 modd
850 500 971 561 firmum
983 500 1088 562 habeat
1099 521 1169 581 peo-

152 594 306 673 positum,
328 598 358 647 et
380 588 536 666 promittat
555 604 587 646 se
607 583 689 644 illam
711 587 808 644 statim
831 594 1029 648 remoturum.
1044 586 1101 646 Sed
1119 584 1168 647 hle

154 682 276 755 oportet
290 672 474 749 distinguere
489 688 556 730 cum
569 672 602 730 S.
612 666 718 730 Cocalo
731 672 900 734 Borromoeo
912 672 955 750 (in
970 672 1167 732 instructione

151 756 339 821 confessariis
361 756 399 814 ab
422 772 457 815 eo
479 754 597 832 tradita)
619 754 784 814 occasiones
803 762 960 831 quaesunt
982 754 1016 815 in
1039 771 1118 825 case,
1136 763 1167 814 et

152 845 321 905 occasiones
341 857 410 917 qne
425 846 571 899 nunaunt
586 840 619 899 ia
633 855 704 898 esec.
717 839 836 897 Occasio
849 857 915 916 quae
930 847 973 901 est
985 838 1019 899 in
1031 856 1107 910 eoae,
1121 846 1166 900 cn

152 947 201 989 ex.
220 945 266 1005 gr.
288 923 356 984 ciam
373 924 479 1001 aliquis
499 923 696 982 concubinam
714 922 795 981 domi
819 922 951 994 detinet,
968 924 1015 983 vel
1035 922 1103 983 ciam
1116 923 1166 983 ali·

151 1030 214 1090 qua
230 1008 337 1069 sanrula
360 1009 507 1068 consentit
522 1007 638 1084 quotics
659 1014 790 1066 tentatur
810 1004 826 1064 a
846 1007 986 1078 domiuo,
999 1007 1162 1068 etslmilia.

149 1095 272 1155 Occasio
292 1101 390 1151 autem
413 1109 557 1170 quercea
577 1098 621 1150 est
641 1090 675 1149 in
695 1107 773 1164 cose,
794 1099 838 1150 est
857 1108 892 1150 ex
905 1108 952 1167 gr.
970 1089 1037 1151 edm
1051 1093 1119 1168 quis
1132 1093 1163 1152 in

149 1178 225 1239 ludo
247 1176 416 1255 prorumpit
440 1176 471 1234 in
496 1173 711 1252 blasphemias,
727 1183 779 1233 aut
800 1174 945 1235 versando
963 1175 994 1236 in
1017 1175 1161 1253 cauponio

150 1260 319 1342 prolabitur
338 1260 369 1317 in
387 1261 465 1318 rixas
481 1267 513 1319 et
532 1259 705 1329 ebrietates,
719 1268 770 1318 aut
790 1259 954 1320 accedendo
973 1260 1011 1319 ad
1026 1259 1161 1320 convivia

151 1344 259 1407 incidit
283 1345 313 1401 in
337 1343 426 1402 verba
451 1351 481 1402 et
505 1343 698 1420 cogitationes
721 1352 834 1421 turpes.
851 1345 901 1403 llis
920 1344 1039 1422 positis,
1059 1343 1162 1402 dicen·

150 1429 246 1497 dum,
268 1426 348 1505 qubd
372 1427 404 1486 in
432 1427 631 1488 occasionibus
655 1447 721 1512 ptrue
745 1445 807 1488 non
828 1436 899 1488 aunt
921 1428 955 1489 in
978 1446 1058 1499 east,
1082 1427 1162 1488 recte

146 1515 234 1576 docet
247 1514 279 1572 S.
297 1508 422 1571 Carolus
442 1510 522 1590 qubd
537 1512 693 1589 paenitenti
713 1513 800 1573 firme
820 1513 1005 1591 promittenti
1022 1531 1053 1572 se
1064 1512 1102 1571 ab
1117 1511 1161 1572 eia

148 1599 316 1665 abstinere,
337 1606 433 1675 potest
453 1597 480 1655 ci
500 1596 685 1667 semel‚bis,
706 1607 736 1656 ct
757 1597 845 1656 etiam
860 1606 906 1656 ter
919 1596 1064 1655 absolutio
1077 1596 1160 1669 dari3

147 1682 229 1762 qubd
248 1683 272 1742 si
291 1680 397 1741 deinde
417 1681 467 1739 ille
490 1681 673 1740 occasionem
692 1699 752 1741 non
773 1681 886 1751 aufert,
905 1689 935 1739 et
952 1679 1054 1738 eodem
1072 1678 1160 1739 modo

143 1777 265 1847 peceat,
291 1784 351 1826 non
377 1774 474 1845 potest
500 1765 631 1837 absolvi,
658 1765 715 1825 nisi
741 1762 826 1842 prids
854 1765 1034 1824 occasionem
1060 1780 1160 1825 remo-

147 1854 276 1911 reatin
296 1850 495 1910 occasionibus
514 1859 612 1909 autem
635 1868 702 1926 quae
721 1857 793 1909 aunt
810 1849 845 1908 in
864 1865 942 1920 csse,
963 1864 1031 1907 cum
1054 1847 1158 1909 eodem

143 1938 181 1997 S.
200 1933 306 1994 Carolo
322 1933 443 1994 omninb
459 1934 590 2012 neganda
608 1944 653 1993 est
668 1934 832 2001 absolutio,
845 1933 901 1993 nisi
915 1934 1025 1993 occasio
1039 1931 1159 2012 prorsus

147 2019 313 2079 aarseratur.
329 2019 467 2095 liancque
486 2018 663 2078 sententiam
684 2016 846 2091 (ordinarie
864 2014 1157 2096 loquendo)omntnb

143 2103 306 2165 tenendam
328 2103 517 2180 probavimus
537 2103 568 2163 in
591 2103 670 2162 libro
684 2101 761 2179 (Lib.
774 2105 804 2161 6.
819 2122 851 2162 n.
866 2103 959 2179 tat).
971 2104 1072 2172 Ratio,
1087 2101 1156 2179 quio

144 2188 214 2247 talis
235 2188 382 2265 poenitens
401 2193 444 2245 cst
462 2187 652 2264 indispositus
666 2186 700 2245 ad
716 2186 947 2257 absolutionem,
960 2187 984 2247 ei
999 2195 1079 2265 petat
1090 2203 1156 2246 eam

147 2281 306 2348 antequam
328 2270 508 2330 occasionem
521 2279 690 2345 removeat3
707 2271 818 2331 etenim
838 2290 903 2331 eam
923 2270 1110 2348 recipiendo,
1123 2287 1155 2329 se

144 2356 282 2416 immittit
301 2355 332 2413 in
355 2355 524 2430 proximum
540 2356 705 2433 periculum
723 2355 876 2436 frangendi
893 2357 1101 2435 propositum
1124 2363 1156 2417 et

143 2440 187 2498 sic
212 2439 384 2498 remanendi
412 2441 443 2497 in
466 2440 567 2499 cadem
589 2442 749 2500 occasione.
772 2440 885 2503 Clarias
910 2444 1054 2502 rationem
1078 2440 1155 2501 hanc

144 2523 337 2601 explicemus.
349 2522 441 2583 l‘orrd
458 2524 623 2584 mortaliter
643 2534 741 2602 peccat
752 2527 803 2603 qui
815 2534 860 2585 est
875 2527 907 2585 in
921 2526 1071 2584 occasione
1083 2541 1155 2600 pro·

141 2608 223 2666 xirna
240 2606 429 2679 volomtario,
449 2618 480 2667 ct
498 2627 562 2668 eam
588 2628 647 2669 uon
673 2610 772 2680 tollit,
792 2609 859 2668 edm
884 2619 983 2667 autem
1004 2624 1078 2683 opus
1097 2607 1154 2667 tol-

140 2690 224 2750 lendi
249 2691 431 2750 occasionem
453 2694 492 2751 sit
514 2692 643 2752 maxime
667 2692 815 2760 arduum,
835 2700 867 2750 et
891 2709 951 2749 non
974 2692 1150 2766 impleatur,

140 2775 199 2834 nisi
219 2792 272 2851 per
289 2793 426 2854 magnam
448 2778 638 2847 violentiam,
656 2773 734 2834 banc
746 2777 807 2833 vim
820 2774 978 2834 difficulter
993 2773 1048 2831 sibi
1065 2774 1154 2834 inlert

139 2857 194 2935 qai
210 2856 272 2934 jam
292 2867 336 2917 cst
354 2859 523 2933 absolutus,
545 2857 618 2919 dam
638 2858 737 2918 ablato
759 2860 867 2918 amore
886 2858 949 2916 sine
969 2856 1152 2918 absolutione

140 2942 338 3012 remanendi,
359 2943 397 3002 dc
414 2945 490 3003 sacili
511 2944 567 3004 sibi
591 2943 726 3003 suadebit
744 2943 825 3021 qudd
846 2942 1001 3003 tentationi
1019 2941 1151 3017 resistet,

139 3026 217 3103 quin
239 3027 420 3101 occasionem
443 3029 573 3100 auferat,
594 3038 623 3088 et
644 3029 685 3087 ita
710 3029 741 3088 in
760 3048 793 3089 ca
812 3028 959 3090 manendo
971 3071 979 3097 ,
993 3025 1071 3087 certe
1085 3027 1152 3102 qui·

139 3109 211 3169 dem
234 3109 368 3186 recidet3
386 3123 475 3189 prout
494 3112 626 3192 quotidie
646 3114 850 3191 experimento
873 3112 1016 3192 probatur
1031 3112 1063 3171 in
1085 3111 1152 3187 plu·

139 3193 227 3253 ribus
244 3196 460 3273 poenitentibus
476 3199 528 3275 qui
551 3199 649 3275 carpta
667 3199 851 3259 absolutionc
871 3199 908 3257 ab
927 3197 1025 3273 aliquo
1039 3196 1152 3255 conses-

138 3279 220 3336 sacio
238 3276 345 3356 partlm
362 3289 465 3353 cauto,
482 3281 604 3341 minime
623 3293 721 3360 postea
740 3285 898 3343 attendant
918 3282 953 3340 ad
969 3282 1149 3341 occasionem

138 3360 373 3439 removendam,
398 3374 428 3423 et
449 3366 548 3424 statim
567 3364 698 3426 deterius
717 3367 903 3425 relabuntur.
922 3366 997 3425 Hinc
1022 3365 1151 3424 diximus

137 3443 1150 3527 quddpropterpraedictumpericulumlrangendipropositum,mor·

135 3528 241 3588 taliter
253 3537 354 3607 peccat
365 3535 511 3605 poenitens
521 3534 571 3611 qui
584 3543 652 3593 ante
660 3535 856 3593 remotionem
866 3535 1023 3594 occasionis
1033 3534 1149 3595 absolu·

133 3611 252 3670 tionem
267 3615 360 3691 petit,
372 3624 402 3675 ct
413 3616 530 3695 gracilis
540 3624 640 3697 peccat
650 3617 843 3684 confessarius
852 3618 904 3696 qui
915 3617 1000 3679 illurn
1010 3616 1146 3679 absolvit.
