2642 4167
395 228 446 287 Ee:
458 226 856 309 operibusBertcdt'ete'XlV.
889 216 891 219 ⁵
1073 220 1138 294 tet

124 329 196 390 mari
219 333 343 407 possunt
356 372 365 399 ,
378 335 413 387 ut
424 346 460 387 cx
473 338 560 387 seusu
577 330 641 394 DI).
656 329 874 407 Theologorum
889 329 1040 390 statuitur.
1054 331 1137 413 ibid,

125 430 155 473 n.
169 413 218 472 17.
232 420 265 471 et
282 414 329 473 ta.

159 499 261 571 Quare
282 497 360 556 licita
379 503 421 556 est
438 495 585 557 traductio
609 500 723 575 sponsae
743 497 780 557 ad
793 498 926 569 <domum
944 499 1021 572 viri,
1040 506 1074 559 ut
1095 518 1131 560 ex

124 583 299 659 Congregat.
319 580 466 639 firmatur.
483 580 558 640 ibid.
575 599 606 640 n.
625 582 675 640 El.

162 665 350 724 Matrimonia
372 681 425 740 per
447 673 668 742 procuratorem
688 672 834 725 contracta
857 667 976 739 valent,
994 673 1029 725 ut
1052 682 1131 725 corn·

125 748 226 810 munis
249 758 293 807 est
315 746 554 826 theologorum,
576 750 665 829 etiam
683 759 749 827 post
774 751 980 810 Tridentinum
1003 748 1132 809 scriben-

125 834 222 906 tium,
246 831 401 891 sententia.
425 833 610 910 Quamquam
631 837 743 893 cautius
768 843 830 901 est,
856 842 890 893 ut
913 853 978 912 quae
1000 834 1042 891 sic
1063 851 1132 892 con·

124 919 222 978 ciliata
241 925 330 988 sunt,
349 914 459 976 iterium
479 918 673 994 praesentibus
692 919 866 997 conjugibus
887 937 985 980 coram
1006 917 1132 996 parocho

124 1011 308 1065 renoventur
324 1023 332 1059 ε
346 1021 412 1079 quae
424 1012 521 1061 tamon
534 1003 612 1062 dicta
633 1013 704 1062 snut
718 1004 755 1063 ad
772 1005 916 1063 cautelam
928 1049 935 1076 ,
949 1022 1010 1065 non
1031 1011 1131 1064 autem

126 1087 164 1148 ad
186 1087 401 1146 necessitatem·
413 1088 456 1143 De
473 1086 583 1165 Synod.
599 1087 685 1146 dioee.
700 1088 753 1146 lib.
770 1091 818 1147 15.
832 1107 858 1148 c.
874 1089 924 1148 25.
939 1108 971 1147 n.
984 1091 1015 1149 a.

165 1171 351 1231 Matrimonia
370 1171 481 1230 occulta
503 1178 659 1247 autequam
680 1172 717 1230 ab
738 1173 880 1251 Episcopo
900 1174 1136 1250 permittantur,¹

127 1254 215 1317 debet
236 1255 293 1314 itte
313 1255 468 1332 exquirere
490 1254 683 1331 qualitatem,
708 1257 855 1332 graelum,
878 1267 908 1316 et
932 1257 1132 1317 conditionem

128 1339 312 1418 petentium,
330 1354 367 1398 an
383 1339 443 1398 sint
458 1340 502 1397 sui
524 1339 571 1396 vel
590 1340 678 1398 alieni
694 1339 788 1416 juris,
802 1359 840 1399 an
857 1341 916 1400 sint
931 1338 1130 1411 filiifamilias,

128 1434 157 1485 ct
171 1421 247 1482 ntirn
269 1424 328 1483 iilae
350 1425 461 1502 nuptiae
481 1424 540 1482 siat
554 1423 645 1495 tales,
658 1430 693 1485 ut
709 1433 792 1502 pater
808 1424 887 1500 juste
903 1425 961 1485 illis
971 1425 1061 1502 possit
1074 1424 1134 1482 dis·

127 1509 243 1570 sentiri.
257 1506 331 1568 Cbm
352 1506 422 1567 verb
444 1509 542 1566 omnia
557 1511 699 1587 repererit
717 1511 753 1568 ad
773 1510 918 1580 sormam,
937 1509 1025 1567 dehet
1042 1507 1135 1584 depu-

128 1593 183 1654 tari
204 1592 239 1650 ad
262 1591 454 1672 assistendum
479 1591 589 1651 eisdem
612 1594 724 1670 nuptiis
746 1592 891 1669 parochus
912 1590 1082 1655 alterutrius
1097 1607 1133 1649 ex

128 1675 388 1746 contrahentibus,
403 1693 473 1745 nec,
488 1675 544 1734 nisi
560 1694 594 1734 ex
609 1678 692 1754 gravi
706 1677 810 1745 causa,
824 1674 854 1733 id
868 1674 999 1734 muneris
1012 1673 1133 1733 deman·

129 1762 191 1822 dari
220 1758 306 1819 dehet
332 1759 476 1819 sacerdoti
495 1757 516 1818 a
536 1758 664 1836 parocho
690 1760 828 1835 diverso,
851 1759 904 1829 uui
930 1757 1063 1818 sacerdos
1084 1756 1133 1817 'vel

128 1844 273 1925 parochus
287 1844 374 1904 debet
391 1843 531 1903 exliibtre
538 1844 680 1921 Episcopo
694 1844 904 1903 documentum
920 1843 1056 1904 celebrati
1070 1862 1134 1904 ma·

128 1931 263 1992 trimonii
286 1946 353 1988 cunr
377 1928 447 1988 noti
468 1929 524 1988 luci
546 1938 576 1988 et
590 1930 738 2006 temporis
755 1937 785 1987 et
808 1930 948 2000 testium,
968 1930 1019 2005 qui
1042 1930 1134 1989 iuter·

127 2009 262 2076 suerunt.
283 2013 316 2071 ld
336 2012 406 2073 vord
425 2013 634 2072 documentum
651 2012 865 2072 transcribatur
878 2014 909 2072 in
926 2013 1003 2073 libre
1017 2015 1133 2076 diverso

129 2099 168 2160 ab
179 2097 231 2156 ilio
239 2141 249 2172 ,
262 2097 293 2156 iu
305 2117 363 2175 quo
373 2099 488 2175 reliqua
499 2098 614 2174 publiea
625 2098 812 2158 matrimonia
825 2108 1021 2175 annotantur,
1039 2100 1133 2161 idem·

128 2200 190 2262 que
209 2181 288 2241 liber
305 2182 418 2241 clausus
437 2191 467 2242 et
487 2183 591 2260 sigillis
611 2182 781 2259 obsignatus
805 2184 835 2242 in
862 2185 1018 2261 episcopali
1042 2188 1129 2244 Cane.

129 2268 216 2330 matt
231 2277 385 2340 servetur,
404 2282 466 2328 noar
485 2267 682 2346 aperiendus,
705 2269 761 2328 nisi
779 2266 847 2328 calm
866 2269 924 2339 alia
946 2269 1052 2327 similia
1071 2276 1133 2327 nau*

129 2352 271 2413 trimouia
294 2353 457 2413 annotanda
480 2361 559 2413 sunt.
578 2353 697 2412 Mandat
716 2354 867 2422 Pontifex,
882 2352 1041 2428 -utproIes
1063 2353 1134 2411 inde

130 2446 198 2498 nata
217 2437 412 2497 denuncietur
427 2439 571 2516 Episcopo
588 2437 634 2496 vel
656 2455 710 2514 per
729 2437 842 2495 litteras
865 2445 1020 2513 parentum
1043 2454 1133 2496 manu

130 2521 252 2601 proprii
269 2521 394 2600 signatas
405 2565 413 2591 ,
426 2523 474 2581 vel
491 2539 544 2599 per
558 2520 714 2598 personam
732 2520 791 2578 side
804 2519 923 2596 dignam
936 2517 1134 2596 aparentibus

129 2605 332 2682 designatam,
353 2605 514 2687 eademque
536 2606 684 2675 attestatio
707 2602 852 2664 scribatur
872 2604 904 2661 in
924 2601 1000 2661 libro
1018 2601 1140 2662 diverso.

130 2689 168 2750 ab
184 2706 241 2766 eo,
261 2690 370 2767 inquo
390 2690 577 2757 matrimonia
598 2689 709 2750 occulta
728 2687 959 2747 deseribuntur:
982 2685 1136 2763 utriusque

130 2774 261 2854 parentis
279 2774 452 2836 nominibus
469 2773 619 2853 appositis.
639 2775 697 2847 Qui
714 2774 791 2834 liber
811 2770 1018 2830 custodiendus
1040 2778 1084 2829 est
1101 2770 1135 2830 ei

131 2857 304 2935 diligentia,
318 2858 377 2935 qua
396 2857 473 2918 liber
495 2858 751 2918 matrimoniorum
769 2852 1082 2917 occultorumveuim
1103 2855 1135 2914 in

132 2943 329 3003 celebratione
347 2942 528 3002 matrimonii
551 2940 741 3019 hujusmodi,
759 2942 811 3002 ille
826 2942 876 3018 qui
895 2939 1014 3020 parochi
1027 2955 1136 2998 nomen

132 3035 163 3086 et
184 3027 263 3084 vices
286 3027 385 3103 gerit,
408 3026 505 3085 dehet·
520 3025 642 3085 mentre
664 3027 823 3106 conjuges,
848 3033 882 3085 ut
908 3026 1020 3103 prolem
1043 3042 1079 3083 ex
1100 3041 1135 3085 eo

132 3108 272 3187 conjugio
292 3119 392 3169 natam
413 3109 590 3170 denuntient
603 3112 763 3190 Episcopo,
781 3126 816 3170 eu
834 3108 940 3180 modo,
954 3126 1014 3186 quo
1028 3106 1134 3186 suprl3

130 3194 283 3272 alioquin,
302 3196 328 3254 si
344 3193 407 3255 haec
424 3195 619 3266 omittantur,
635 3194 810 3265 denuntiet,
825 3195 1002 3272 Episcopum
1013 3238 1021 3266 ,
1031 3196 1134 3256 secreti

130 3277 191 3337 lide
208 3277 356 3356 neglecta,
375 3279 601 3341 matrimonium
618 3278 693 3338 illud
706 3280 854 3339 oecultum
866 3280 1084 3350 revelaturum,
1098 3295 1136 3338 ue

130 3360 202 3421 filiis
225 3361 302 3421 natis
319 3361 435 3439 jactura
454 3363 609 3427 inferatur.
623 3363 667 3420 lta
687 3363 719 3420 in
742 3362 822 3421 bulla
839 3360 918 3421 Satis
935 3360 1026 3421 vobis.
1102 3376 1104 3381 ’

168 3442 244 3505 Clam
258 3448 349 3523 petita
363 3445 494 3507 tuissetl
509 3445 650 3505 Pontiiiee
661 3444 839 3524 dispensatio
851 3444 888 3504 dc
900 3447 988 3504 tertio
1006 3449 1037 3505 in
1049 3464 1137 3525 quar-

131 3537 197 3589 tum
210 3531 489 3608 consanguinitatis,
501 3537 531 3589 et
545 3536 695 3590 contracto
712 3529 902 3588 matrimonio
918 3540 976 3586 non
992 3527 1053 3604 jum
1064 3545 1137 3613 veou5

131 3620 301 3685 sunuuuto,
325 3624 478 3693 tellectum
498 3613 589 3673 tuerit
608 3614 691 3673 inter
713 3609 851 3690 conjuges
870 3611 1052 3671 intercedere
1077 3616 1137 3671 raon
