<?xml version="1.0" encoding="UTF-8"?>
<!DOCTYPE html PUBLIC "-//W3C//DTD XHTML 1.0 Transitional//EN"
    "http://www.w3.org/TR/xhtml1/DTD/xhtml1-transitional.dtd">
<html xmlns="http://www.w3.org/1999/xhtml" xml:lang="en" lang="en">
 <head>
  <title>
</title>
<meta http-equiv="Content-Type" content="text/html;charset=utf-8" />
  <meta name='ocr-system' content='tesseract 3.04.00' />
  <meta name='ocr-capabilities' content='ocr_page ocr_carea ocr_par ocr_line ocrx_word'/>
</head>
<body>
  <div class='ocr_page' id='page_1' title='image "./theologiamorali05heilgoog_0039.png"; bbox 0 0 2642 4167; ppageno 0'>
   <div class='ocr_carea' id='block_1_1' title="bbox 396 207 1148 291">
    <p class='ocr_par' dir='ltr' id='par_1_1' title="bbox 396 207 1148 291">
     <span class='ocr_line' id='line_1_1' title="bbox 396 207 1148 291; baseline 0.005 -18"><span class='ocrx_word' id='word_1_1' title='bbox 396 215 443 273; x_wconf 86' lang='lat' dir='ltr'><strong>De</strong></span> <span class='ocrx_word' id='word_1_2' title='bbox 459 208 738 291; x_wconf 69' lang='lat' dir='ltr'><strong>interropationilna</strong></span> <span class='ocrx_word' id='word_1_3' title='bbox 745 207 900 289; x_wconf 74' lang='lat' dir='ltr'><strong><em>faciendis.</em></strong></span> <span class='ocrx_word' id='word_1_4' title='bbox 1115 215 1148 277; x_wconf 80' lang='grc'><strong>51</strong></span> 
     </span>
    </p>
   </div>
   <div class='ocr_carea' id='block_1_2' title="bbox 135 310 1150 728">
    <p class='ocr_par' dir='ltr' id='par_1_2' title="bbox 135 310 1150 728">
     <span class='ocr_line' id='line_1_2' title="bbox 135 310 1150 396; baseline -0.001 -17"><span class='ocrx_word' id='word_1_5' title='bbox 135 318 192 379; x_wconf 87' lang='grc' dir='ltr'><strong>Ιιοε</strong></span> <span class='ocrx_word' id='word_1_6' title='bbox 215 313 355 396; x_wconf 89' lang='lat' dir='ltr'><strong>pluribus</strong></span> <span class='ocrx_word' id='word_1_7' title='bbox 376 312 470 374; x_wconf 89' lang='lat' dir='ltr'><strong>doctis</strong></span> <span class='ocrx_word' id='word_1_8' title='bbox 490 311 562 371; x_wconf 83' lang='lat' dir='ltr'><strong>viris</strong></span> <span class='ocrx_word' id='word_1_9' title='bbox 580 310 735 388; x_wconf 89' lang='lat' dir='ltr'><strong>Neapolim</strong></span> <span class='ocrx_word' id='word_1_10' title='bbox 757 312 881 390; x_wconf 79' lang='lat' dir='ltr'><strong>scripsi,</strong></span> <span class='ocrx_word' id='word_1_11' title='bbox 899 319 931 374; x_wconf 87' lang='grc' dir='ltr'><strong>ει</strong></span> <span class='ocrx_word' id='word_1_12' title='bbox 947 314 1035 375; x_wconf 87' lang='lat' dir='ltr'><strong>ctiam</strong></span> <span class='ocrx_word' id='word_1_13' title='bbox 1056 316 1150 380; x_wconf 85' lang='lat' dir='ltr'><strong>tribus</strong></span> 
     </span>
     <span class='ocr_line' id='line_1_3' title="bbox 136 395 1149 480; baseline -0.002 -18"><span class='ocrx_word' id='word_1_14' title='bbox 136 397 418 480; x_wconf 78' lang='lat' dir='ltr'><strong>congregationibus</strong></span> <span class='ocrx_word' id='word_1_15' title='bbox 431 396 672 473; x_wconf 87' lang='lat' dir='ltr'><strong>presbyterorum</strong></span> <span class='ocrx_word' id='word_1_16' title='bbox 687 395 873 457; x_wconf 77' lang='lat' dir='ltr'><strong>saecularium</strong></span> <span class='ocrx_word' id='word_1_17' title='bbox 888 397 1076 460; x_wconf 85' lang='lat' dir='ltr'>missionibus</span> <span class='ocrx_word' id='word_1_18' title='bbox 1097 400 1149 460; x_wconf 83' lang='lat' dir='ltr'><strong>ad·</strong></span> 
     </span>
     <span class='ocr_line' id='line_1_4' title="bbox 136 478 1149 561; baseline 0 -16"><span class='ocrx_word' id='word_1_19' title='bbox 136 487 305 555; x_wconf 86' lang='lat' dir='ltr'><strong>dictorum,</strong></span> <span class='ocrx_word' id='word_1_20' title='bbox 327 481 379 540; x_wconf 89' lang='lat' dir='ltr'><strong>ubi</strong></span> <span class='ocrx_word' id='word_1_21' title='bbox 393 478 448 540; x_wconf 88' lang='lat' dir='ltr'><strong>ilos</strong></span> <span class='ocrx_word' id='word_1_22' title='bbox 462 479 534 539; x_wconf 88' lang='lat' dir='ltr'><strong>cleri</strong></span> <span class='ocrx_word' id='word_1_23' title='bbox 548 478 733 556; x_wconf 76' lang='lat' dir='ltr'>Neapolitani</span> <span class='ocrx_word' id='word_1_24' title='bbox 749 478 849 540; x_wconf 77' lang='lat' dir='ltr'>existit</span> <span class='ocrx_word' id='word_1_25' title='bbox 862 501 872 556; x_wconf 83' lang='lat'>3</span> <span class='ocrx_word' id='word_1_26' title='bbox 887 490 918 541; x_wconf 91' lang='lat' dir='ltr'><strong>et</strong></span> <span class='ocrx_word' id='word_1_27' title='bbox 938 500 999 543; x_wconf 92' lang='lat' dir='ltr'><strong>uno</strong></span> <span class='ocrx_word' id='word_1_28' title='bbox 1015 485 1149 561; x_wconf 85' lang='lat' dir='ltr'><strong>exemplo</strong></span> 
     </span>
     <span class='ocr_line' id='line_1_5' title="bbox 136 564 1148 643; baseline -0.001 -14"><span class='ocrx_word' id='word_1_29' title='bbox 136 570 407 643; x_wconf 84' lang='lat' dir='ltr'><strong>sueruntrcsponsa</strong></span> <span class='ocrx_word' id='word_1_30' title='bbox 418 564 517 623; x_wconf 90' lang='lat' dir='ltr'><strong>omnia</strong></span> <span class='ocrx_word' id='word_1_31' title='bbox 530 580 604 624; x_wconf 79' lang='lat' dir='ltr'><strong>meae</strong></span> <span class='ocrx_word' id='word_1_32' title='bbox 613 564 767 623; x_wconf 77' lang='lat' dir='ltr'><strong>sententia</strong></span> <span class='ocrx_word' id='word_1_33' title='bbox 782 565 955 625; x_wconf 76' lang='lat' dir='ltr'><strong>conformia.</strong></span> <span class='ocrx_word' id='word_1_34' title='bbox 973 568 1015 626; x_wconf 78' lang='lat' dir='ltr'><strong>Ae</strong></span> <span class='ocrx_word' id='word_1_35' title='bbox 1028 568 1061 627; x_wconf 88' lang='lat' dir='ltr'><strong>P.</strong></span> <span class='ocrx_word' id='word_1_36' title='bbox 1075 566 1148 629; x_wconf 82' lang='lat' dir='ltr'><strong>Sod-</strong></span> 
     </span>
     <span class='ocr_line' id='line_1_6' title="bbox 137 647 1148 728; baseline 0 -17"><span class='ocrx_word' id='word_1_37' title='bbox 137 650 262 712; x_wconf 75' lang='lat' dir='ltr'><strong>dutinus</strong></span> <span class='ocrx_word' id='word_1_38' title='bbox 292 649 376 724; x_wconf 78' lang='lat' dir='ltr'><strong>(tune</strong></span> <span class='ocrx_word' id='word_1_39' title='bbox 407 648 549 722; x_wconf 90' lang='lat' dir='ltr'><strong>temporis</strong></span> <span class='ocrx_word' id='word_1_40' title='bbox 574 647 641 723; x_wconf 87' lang='lat' dir='ltr'><strong>pius</strong></span> <span class='ocrx_word' id='word_1_41' title='bbox 659 647 832 725; x_wconf 90' lang='lat' dir='ltr'><strong>operarius,</strong></span> <span class='ocrx_word' id='word_1_42' title='bbox 855 666 935 709; x_wconf 87' lang='lat' dir='ltr'><strong>nune</strong></span> <span class='ocrx_word' id='word_1_43' title='bbox 960 649 1148 728; x_wconf 75' lang='lat' dir='ltr'><strong>dignissimus</strong></span> 
     </span>
    </p>
   </div>
   <div class='ocr_carea' id='block_1_3' title="bbox 133 729 1147 1065">
    <p class='ocr_par' dir='ltr' id='par_1_3' title="bbox 133 729 1147 1065">
     <span class='ocr_line' id='line_1_7' title="bbox 136 729 1147 812; baseline -0.002 -16"><span class='ocrx_word' id='word_1_44' title='bbox 136 735 253 812; x_wconf 78' lang='lat' dir='ltr'><strong>Aquilae</strong></span> <span class='ocrx_word' id='word_1_45' title='bbox 267 729 417 810; x_wconf 84' lang='lat' dir='ltr'><strong>praelatus)</strong></span> <span class='ocrx_word' id='word_1_46' title='bbox 428 729 500 790; x_wconf 91' lang='lat' dir='ltr'><strong>mihi</strong></span> <span class='ocrx_word' id='word_1_47' title='bbox 515 730 667 807; x_wconf 81' lang='lat' dir='ltr'><strong>respondit</strong></span> <span class='ocrx_word' id='word_1_48' title='bbox 681 774 689 799; x_wconf 90' lang='lat'><strong>‚</strong></span> <span class='ocrx_word' id='word_1_49' title='bbox 703 738 822 790; x_wconf 88' lang='lat' dir='ltr'><strong>cunctos</strong></span> <span class='ocrx_word' id='word_1_50' title='bbox 832 731 897 807; x_wconf 93' lang='lat' dir='ltr'><strong>pios</strong></span> <span class='ocrx_word' id='word_1_51' title='bbox 909 734 1074 811; x_wconf 82' lang='lat' dir='ltr'><strong>operarios,</strong></span> <span class='ocrx_word' id='word_1_52' title='bbox 1088 744 1147 794; x_wconf 90' lang='lat' dir='ltr'><strong>tam</strong></span> 
     </span>
     <span class='ocr_line' id='line_1_8' title="bbox 135 812 1147 897; baseline 0.003 -21"><span class='ocrx_word' id='word_1_53' title='bbox 135 826 315 897; x_wconf 67' lang='lat' dir='ltr'><strong>praesentes,</strong></span> <span class='ocrx_word' id='word_1_54' title='bbox 336 813 425 893; x_wconf 75' lang='lat' dir='ltr'><strong>quim</strong></span> <span class='ocrx_word' id='word_1_55' title='bbox 450 814 611 892; x_wconf 88' lang='lat' dir='ltr'><strong>antiquos,</strong></span> <span class='ocrx_word' id='word_1_56' title='bbox 632 812 712 873; x_wconf 91' lang='lat' dir='ltr'><strong>idem</strong></span> <span class='ocrx_word' id='word_1_57' title='bbox 734 813 923 874; x_wconf 76' lang='lat' dir='ltr'><strong>uniformiter</strong></span> <span class='ocrx_word' id='word_1_58' title='bbox 940 818 1071 877; x_wconf 86' lang='lat' dir='ltr'><strong>sensisse.</strong></span> <span class='ocrx_word' id='word_1_59' title='bbox 1098 821 1147 880; x_wconf 92' lang='lat' dir='ltr'><strong>ln·</strong></span> 
     </span>
     <span class='ocr_line' id='line_1_9' title="bbox 134 896 1146 981; baseline 0 -17"><span class='ocrx_word' id='word_1_60' title='bbox 134 921 250 978; x_wconf 85' lang='lat' dir='ltr'><strong>super,</strong></span> <span class='ocrx_word' id='word_1_61' title='bbox 272 896 340 960; x_wconf 78' lang='lat' dir='ltr'><strong>eiam</strong></span> <span class='ocrx_word' id='word_1_62' title='bbox 359 897 515 976; x_wconf 85' lang='lat' dir='ltr'><strong>quomdam</strong></span> <span class='ocrx_word' id='word_1_63' title='bbox 545 897 705 974; x_wconf 86' lang='lat' dir='ltr'><strong>Epistulam</strong></span> <span class='ocrx_word' id='word_1_64' title='bbox 729 897 766 957; x_wconf 90' lang='lat' dir='ltr'><strong>de</strong></span> <span class='ocrx_word' id='word_1_65' title='bbox 790 896 846 957; x_wconf 90' lang='lat' dir='ltr'><strong>hoe</strong></span> <span class='ocrx_word' id='word_1_66' title='bbox 868 911 978 976; x_wconf 90' lang='lat' dir='ltr'><strong>puncto</strong></span> <span class='ocrx_word' id='word_1_67' title='bbox 998 905 1077 981; x_wconf 81' lang='lat' dir='ltr'><strong>typis</strong></span> <span class='ocrx_word' id='word_1_68' title='bbox 1095 904 1146 965; x_wconf 90' lang='lat' dir='ltr'><strong>de·</strong></span> 
     </span>
     <span class='ocr_line' id='line_1_10' title="bbox 133 976 1147 1065; baseline 0.003 -21"><span class='ocrx_word' id='word_1_69' title='bbox 133 985 258 1050; x_wconf 85' lang='lat' dir='ltr'><strong>derim,</strong></span> <span class='ocrx_word' id='word_1_70' title='bbox 281 978 420 1042; x_wconf 73' lang='lat' dir='ltr'><strong>aduersis</strong></span> <span class='ocrx_word' id='word_1_71' title='bbox 439 1000 529 1059; x_wconf 88' lang='lat' dir='ltr'><strong>quam</strong></span> <span class='ocrx_word' id='word_1_72' title='bbox 552 976 741 1057; x_wconf 70' lang='lat' dir='ltr'><strong>postmodnm</strong></span> <span class='ocrx_word' id='word_1_73' title='bbox 764 983 906 1060; x_wconf 81' lang='lat' dir='ltr'><strong>anonymi</strong></span> <span class='ocrx_word' id='word_1_74' title='bbox 928 985 1055 1063; x_wconf 80' lang='lat' dir='ltr'><strong>Epistola</strong></span> <span class='ocrx_word' id='word_1_75' title='bbox 1078 1006 1147 1065; x_wconf 85' lang='lat' dir='ltr'><strong>pro·</strong></span> 
     </span>
    </p>
   </div>
   <div class='ocr_carea' id='block_1_4' title="bbox 79 1062 1204 3658">
    <p class='ocr_par' dir='ltr' id='par_1_4' title="bbox 79 1062 1147 1810">
     <span class='ocr_line' id='line_1_11' title="bbox 133 1062 1147 1147; baseline 0.002 -20"><span class='ocrx_word' id='word_1_76' title='bbox 133 1068 219 1138; x_wconf 87' lang='lat' dir='ltr'><strong>diit‚</strong></span> <span class='ocrx_word' id='word_1_77' title='bbox 238 1067 277 1127; x_wconf 89' lang='lat' dir='ltr'><strong>de</strong></span> <span class='ocrx_word' id='word_1_78' title='bbox 299 1084 359 1143; x_wconf 91' lang='lat' dir='ltr'><strong>quo</strong></span> <span class='ocrx_word' id='word_1_79' title='bbox 380 1063 469 1142; x_wconf 72' lang='lat' dir='ltr'><strong>supra</strong></span> <span class='ocrx_word' id='word_1_80' title='bbox 491 1065 673 1125; x_wconf 91' lang='lat' dir='ltr'><strong>mentionem</strong></span> <span class='ocrx_word' id='word_1_81' title='bbox 695 1062 757 1141; x_wconf 86' lang='lat' dir='ltr'><strong>jam</strong></span> <span class='ocrx_word' id='word_1_82' title='bbox 779 1065 856 1137; x_wconf 86' lang='lat' dir='ltr'><strong>secl,</strong></span> <span class='ocrx_word' id='word_1_83' title='bbox 882 1070 978 1146; x_wconf 90' lang='lat' dir='ltr'><strong>aeecpi</strong></span> <span class='ocrx_word' id='word_1_84' title='bbox 997 1077 1147 1147; x_wconf 66' lang='lat' dir='ltr'><strong>umquam</strong></span> 
     </span>
     <span class='ocr_line' id='line_1_12' title="bbox 133 1145 1146 1227; baseline 0.003 -16"><span class='ocrx_word' id='word_1_85' title='bbox 133 1161 275 1221; x_wconf 88' lang='lat' dir='ltr'><strong>certum,</strong></span> <span class='ocrx_word' id='word_1_86' title='bbox 292 1160 451 1227; x_wconf 88' lang='lat' dir='ltr'><strong>utramque</strong></span> <span class='ocrx_word' id='word_1_87' title='bbox 478 1145 684 1226; x_wconf 79' lang='lat' dir='ltr'><strong>scripturami</strong></span> <span class='ocrx_word' id='word_1_88' title='bbox 704 1150 814 1208; x_wconf 90' lang='lat' dir='ltr'><strong>nuncio</strong></span> <span class='ocrx_word' id='word_1_89' title='bbox 838 1152 1036 1211; x_wconf 84' lang='lat' dir='ltr'><strong>transmissam</strong></span> <span class='ocrx_word' id='word_1_90' title='bbox 1056 1153 1146 1215; x_wconf 81' lang='lat' dir='ltr'><strong>fuisse</strong></span> 
     </span>
     <span class='ocr_line' id='line_1_13' title="bbox 134 1229 1146 1309; baseline 0.004 -15"><span class='ocrx_word' id='word_1_91' title='bbox 134 1234 172 1294; x_wconf 88' lang='lat' dir='ltr'><strong>ad</strong></span> <span class='ocrx_word' id='word_1_92' title='bbox 188 1235 303 1294; x_wconf 89' lang='lat' dir='ltr'><strong>Summ.</strong></span> <span class='ocrx_word' id='word_1_93' title='bbox 323 1234 410 1294; x_wconf 85' lang='lat' dir='ltr'><strong>Pont.</strong></span> <span class='ocrx_word' id='word_1_94' title='bbox 434 1229 544 1293; x_wconf 80' lang='lat' dir='ltr'><strong>Bened.</strong></span> <span class='ocrx_word' id='word_1_95' title='bbox 565 1232 658 1292; x_wconf 87' lang='lat' dir='ltr'><strong><em>XIV.</em></strong></span> <span class='ocrx_word' id='word_1_96' title='bbox 672 1232 727 1308; x_wconf 84' lang='lat' dir='ltr'><strong>&#39;qui</strong></span> <span class='ocrx_word' id='word_1_97' title='bbox 742 1240 896 1309; x_wconf 86' lang='lat' dir='ltr'><strong>postquam</strong></span> <span class='ocrx_word' id='word_1_98' title='bbox 914 1251 1014 1294; x_wconf 89' lang='lat' dir='ltr'><strong>euram</strong></span> <span class='ocrx_word' id='word_1_99' title='bbox 1032 1235 1146 1298; x_wconf 84' lang='lat' dir='ltr'><strong>dederit</strong></span> 
     </span>
     <span class='ocr_line' id='line_1_14' title="bbox 133 1313 1146 1398; baseline 0.003 -21"><span class='ocrx_word' id='word_1_100' title='bbox 133 1315 367 1378; x_wconf 82' lang='lat' dir='ltr'><strong>controversiam</strong></span> <span class='ocrx_word' id='word_1_101' title='bbox 386 1314 562 1374; x_wconf 89' lang='lat' dir='ltr'><strong>discutiendi</strong></span> <span class='ocrx_word' id='word_1_102' title='bbox 580 1316 617 1373; x_wconf 87' lang='lat' dir='ltr'><strong>R.</strong></span> <span class='ocrx_word' id='word_1_103' title='bbox 633 1315 666 1372; x_wconf 88' lang='lat' dir='ltr'><strong>P.</strong></span> <span class='ocrx_word' id='word_1_104' title='bbox 685 1316 723 1372; x_wconf 87' lang='lat' dir='ltr'><strong>D.</strong></span> <span class='ocrx_word' id='word_1_105' title='bbox 751 1313 869 1375; x_wconf 75' lang='lat' dir='ltr'><strong>Thenete</strong></span> <span class='ocrx_word' id='word_1_106' title='bbox 888 1316 987 1396; x_wconf 75' lang='lat' dir='ltr'><strong>Scrpio</strong></span> <span class='ocrx_word' id='word_1_107' title='bbox 1007 1319 1057 1395; x_wconf 94' lang='lat' dir='ltr'><strong>pio</strong></span> <span class='ocrx_word' id='word_1_108' title='bbox 1077 1338 1146 1398; x_wconf 89' lang='lat' dir='ltr'><strong>ope·</strong></span> 
     </span>
     <span class='ocr_line' id='line_1_15' title="bbox 133 1397 1145 1480; baseline 0.002 -20"><span class='ocrx_word' id='word_1_109' title='bbox 133 1402 235 1472; x_wconf 85' lang='lat' dir='ltr'><strong>rario,</strong></span> <span class='ocrx_word' id='word_1_110' title='bbox 250 1401 280 1460; x_wconf 87' lang='lat' dir='ltr'><strong>S.</strong></span> <span class='ocrx_word' id='word_1_111' title='bbox 295 1397 389 1459; x_wconf 85' lang='lat' dir='ltr'><strong>Officii</strong></span> <span class='ocrx_word' id='word_1_112' title='bbox 406 1400 506 1458; x_wconf 79' lang='lat' dir='ltr'><strong>Romae</strong></span> <span class='ocrx_word' id='word_1_113' title='bbox 517 1397 685 1457; x_wconf 86' lang='lat' dir='ltr'><strong>Consultori</strong></span> <span class='ocrx_word' id='word_1_114' title='bbox 698 1398 760 1474; x_wconf 85' lang='lat' dir='ltr'><strong>(qul</strong></span> <span class='ocrx_word' id='word_1_115' title='bbox 771 1415 851 1456; x_wconf 92' lang='lat' dir='ltr'><strong>nune</strong></span> <span class='ocrx_word' id='word_1_116' title='bbox 861 1416 947 1458; x_wconf 90' lang='lat' dir='ltr'><strong>suum</strong></span> <span class='ocrx_word' id='word_1_117' title='bbox 961 1401 1034 1460; x_wconf 89' lang='lat' dir='ltr'><strong>obiit</strong></span> <span class='ocrx_word' id='word_1_118' title='bbox 1044 1403 1145 1480; x_wconf 84' lang='lat' dir='ltr'><strong>diem),</strong></span> 
     </span>
     <span class='ocr_line' id='line_1_16' title="bbox 134 1478 1144 1563; baseline 0.002 -18"><span class='ocrx_word' id='word_1_119' title='bbox 134 1486 200 1563; x_wconf 89' lang='lat' dir='ltr'><strong>ipsc</strong></span> <span class='ocrx_word' id='word_1_120' title='bbox 220 1483 331 1561; x_wconf 88' lang='lat' dir='ltr'><strong>pariter</strong></span> <span class='ocrx_word' id='word_1_121' title='bbox 348 1500 464 1541; x_wconf 88' lang='lat' dir='ltr'><strong>meeum</strong></span> <span class='ocrx_word' id='word_1_122' title='bbox 483 1481 591 1555; x_wconf 90' lang='lat' dir='ltr'><strong>sensit,</strong></span> <span class='ocrx_word' id='word_1_123' title='bbox 616 1478 853 1540; x_wconf 87' lang='lat' dir='ltr'><strong>maledictionem</strong></span> <span class='ocrx_word' id='word_1_124' title='bbox 877 1491 1062 1544; x_wconf 78' lang='lat' dir='ltr'><strong>mortuoram</strong></span> <span class='ocrx_word' id='word_1_125' title='bbox 1085 1505 1144 1547; x_wconf 93' lang='lat' dir='ltr'><strong>non</strong></span> 
     </span>
     <span class='ocr_line' id='line_1_17' title="bbox 134 1565 1144 1643; baseline -0.004 -15"><span class='ocrx_word' id='word_1_126' title='bbox 134 1586 196 1628; x_wconf 91' lang='lat' dir='ltr'><strong>esse</strong></span> <span class='ocrx_word' id='word_1_127' title='bbox 215 1566 437 1643; x_wconf 83' lang='lat' dir='ltr'><strong>blasphemiam.</strong></span> <span class='ocrx_word' id='word_1_128' title='bbox 454 1565 490 1624; x_wconf 83' lang='grc' dir='ltr'><strong>Ει</strong></span> <span class='ocrx_word' id='word_1_129' title='bbox 511 1566 547 1624; x_wconf 90' lang='lat' dir='ltr'><strong>ab</strong></span> <span class='ocrx_word' id='word_1_130' title='bbox 561 1566 618 1624; x_wconf 89' lang='lat' dir='ltr'><strong>alio</strong></span> <span class='ocrx_word' id='word_1_131' title='bbox 635 1567 669 1624; x_wconf 90' lang='lat' dir='ltr'><strong>P.</strong></span> <span class='ocrx_word' id='word_1_132' title='bbox 692 1566 742 1642; x_wconf 90' lang='lat' dir='ltr'><strong>pio</strong></span> <span class='ocrx_word' id='word_1_133' title='bbox 764 1566 900 1642; x_wconf 88' lang='lat' dir='ltr'><strong>operario</strong></span> <span class='ocrx_word' id='word_1_134' title='bbox 922 1566 996 1626; x_wconf 89' lang='lat' dir='ltr'><strong>mihi</strong></span> <span class='ocrx_word' id='word_1_135' title='bbox 1017 1567 1144 1626; x_wconf 85' lang='lat' dir='ltr'><strong>affirma-</strong></span> 
     </span>
     <span class='ocr_line' id='line_1_18' title="bbox 79 1647 1146 1734; baseline -0.002 -22"><span class='ocrx_word' id='word_1_136' title='bbox 79 1697 84 1702; x_wconf 80' lang='lat'><strong>.</strong></span> <span class='ocrx_word' id='word_1_137' title='bbox 134 1662 200 1712; x_wconf 92' lang='lat' dir='ltr'><strong>tum</strong></span> <span class='ocrx_word' id='word_1_138' title='bbox 215 1649 321 1710; x_wconf 79' lang='lat' dir='ltr'><strong>deinde</strong></span> <span class='ocrx_word' id='word_1_139' title='bbox 335 1650 408 1718; x_wconf 86' lang='lat' dir='ltr'><strong>suit,</strong></span> <span class='ocrx_word' id='word_1_140' title='bbox 420 1647 500 1726; x_wconf 78' lang='lat' dir='ltr'><strong>quid</strong></span> <span class='ocrx_word' id='word_1_141' title='bbox 513 1649 591 1709; x_wconf 88' lang='lat' dir='ltr'><strong>idem</strong></span> <span class='ocrx_word' id='word_1_142' title='bbox 603 1649 693 1708; x_wconf 87' lang='lat' dir='ltr'><strong>etiam</strong></span> <span class='ocrx_word' id='word_1_143' title='bbox 707 1650 860 1720; x_wconf 81' lang='lat' dir='ltr'><strong>Pontifex,</strong></span> <span class='ocrx_word' id='word_1_144' title='bbox 875 1651 991 1727; x_wconf 78' lang='lat' dir='ltr'><strong>cogniti</strong></span> <span class='ocrx_word' id='word_1_145' title='bbox 1001 1652 1039 1709; x_wconf 88' lang='lat' dir='ltr'><strong>P.</strong></span> <span class='ocrx_word' id='word_1_146' title='bbox 1052 1652 1146 1734; x_wconf 75' lang='lat' dir='ltr'><strong>Serpii</strong></span> 
     </span>
     <span class='ocr_line' id='line_1_19' title="bbox 133 1732 703 1810; baseline -0.009 -14"><span class='ocrx_word' id='word_1_147' title='bbox 133 1733 298 1805; x_wconf 79' lang='lat' dir='ltr'><strong>sententia,</strong></span> <span class='ocrx_word' id='word_1_148' title='bbox 311 1733 438 1792; x_wconf 82' lang='lat' dir='ltr'><strong>ostendit</strong></span> <span class='ocrx_word' id='word_1_149' title='bbox 450 1751 514 1791; x_wconf 90' lang='lat' dir='ltr'><strong>eam</strong></span> <span class='ocrx_word' id='word_1_150' title='bbox 530 1732 703 1810; x_wconf 88' lang='lat' dir='ltr'><strong>approbare.</strong></span> 
     </span>
    </p>

    <p class='ocr_par' dir='ltr' id='par_1_5' title="bbox 117 1812 1204 3658">
     <span class='ocr_line' id='line_1_20' title="bbox 181 1812 1140 1894; baseline -0.001 -15"><span class='ocrx_word' id='word_1_151' title='bbox 181 1820 232 1879; x_wconf 81' lang='lat'><strong>50.</strong></span> <span class='ocrx_word' id='word_1_152' title='bbox 273 1817 433 1876; x_wconf 87' lang='lat' dir='ltr'><strong>Dubitatur</strong></span> <span class='ocrx_word' id='word_1_153' title='bbox 461 1835 499 1874; x_wconf 88' lang='lat' dir='ltr'><strong>an</strong></span> <span class='ocrx_word' id='word_1_154' title='bbox 536 1815 708 1876; x_wconf 82' lang='lat' dir='ltr'><strong>maledicere</strong></span> <span class='ocrx_word' id='word_1_155' title='bbox 736 1813 848 1875; x_wconf 75' lang='lat' dir='ltr'><strong>mercede</strong></span> <span class='ocrx_word' id='word_1_156' title='bbox 886 1813 925 1874; x_wconf 76' lang='lat' dir='ltr'><strong>sit</strong></span> <span class='ocrx_word' id='word_1_157' title='bbox 950 1812 1140 1894; x_wconf 85' lang='lat' dir='ltr'><strong>blasphemia.</strong></span> 
     </span>
     <span class='ocr_line' id='line_1_21' title="bbox 133 1899 1143 1978; baseline 0.004 -17"><span class='ocrx_word' id='word_1_158' title='bbox 133 1900 344 1978; x_wconf 76' lang='lat' dir='ltr'><strong>duetoripsius</strong></span> <span class='ocrx_word' id='word_1_159' title='bbox 354 1899 557 1958; x_wconf 87' lang='lat' dir='ltr'><strong>lnstruetionis</strong></span> <span class='ocrx_word' id='word_1_160' title='bbox 567 1900 762 1978; x_wconf 79' lang='lat' dir='ltr'><strong>negavit,sed</strong></span> <span class='ocrx_word' id='word_1_161' title='bbox 773 1918 827 1977; x_wconf 81' lang='lat' dir='ltr'><strong>ego</strong></span> <span class='ocrx_word' id='word_1_162' title='bbox 838 1900 1019 1959; x_wconf 88' lang='lat' dir='ltr'><strong>contrarium</strong></span> <span class='ocrx_word' id='word_1_163' title='bbox 1030 1906 1143 1966; x_wconf 85' lang='lat' dir='ltr'><strong>ostendi</strong></span> 
     </span>
     <span class='ocr_line' id='line_1_22' title="bbox 135 1980 1144 2065; baseline 0.008 -22"><span class='ocrx_word' id='word_1_164' title='bbox 135 1983 214 2063; x_wconf 84' lang='lat' dir='ltr'><strong>(Lib.</strong></span> <span class='ocrx_word' id='word_1_165' title='bbox 233 1987 263 2043; x_wconf 79' lang='lat' dir='ltr'><strong>l.</strong></span> <span class='ocrx_word' id='word_1_166' title='bbox 275 2002 306 2041; x_wconf 87' lang='lat' dir='ltr'><strong>n.</strong></span> <span class='ocrx_word' id='word_1_167' title='bbox 329 1983 396 2041; x_wconf 78' lang='lat' dir='ltr'><strong>tna.</strong></span> <span class='ocrx_word' id='word_1_168' title='bbox 414 2000 444 2041; x_wconf 89' lang='grc' dir='ltr'><strong>υ.</strong></span> <span class='ocrx_word' id='word_1_169' title='bbox 464 1981 521 2043; x_wconf 85' lang='lat' dir='ltr'><strong>Sed</strong></span> <span class='ocrx_word' id='word_1_170' title='bbox 536 1980 593 2060; x_wconf 81' lang='lat' dir='ltr'><strong>itio)</strong></span> <span class='ocrx_word' id='word_1_171' title='bbox 603 2006 616 2060; x_wconf 80' lang='lat'><strong>‚-</strong></span> <span class='ocrx_word' id='word_1_172' title='bbox 637 1981 831 2044; x_wconf 86' lang='lat' dir='ltr'><strong>nihilominirs</strong></span> <span class='ocrx_word' id='word_1_173' title='bbox 850 1983 933 2056; x_wconf 82' lang='lat' dir='ltr'><strong>dixi,</strong></span> <span class='ocrx_word' id='word_1_174' title='bbox 953 1982 1072 2062; x_wconf 74' lang='lat' dir='ltr'><strong>quidsi</strong></span> <span class='ocrx_word' id='word_1_175' title='bbox 1089 2006 1144 2065; x_wconf 80' lang='lat' dir='ltr'><strong>pro</strong></span> 
     </span>
     <span class='ocr_line' id='line_1_23' title="bbox 132 2066 1144 2144; baseline 0.004 -16"><span class='ocrx_word' id='word_1_176' title='bbox 132 2066 247 2128; x_wconf 87' lang='lat' dir='ltr'><strong>mundo</strong></span> <span class='ocrx_word' id='word_1_177' title='bbox 261 2067 475 2144; x_wconf 81' lang='lat' dir='ltr'><strong>intelligeretur</strong></span> <span class='ocrx_word' id='word_1_178' title='bbox 485 2066 613 2125; x_wconf 90' lang='lat' dir='ltr'><strong>mundus</strong></span> <span class='ocrx_word' id='word_1_179' title='bbox 624 2067 675 2143; x_wconf 89' lang='lat' dir='ltr'><strong>qui</strong></span> <span class='ocrx_word' id='word_1_180' title='bbox 697 2068 758 2126; x_wconf 91' lang='lat' dir='ltr'><strong>Deo</strong></span> <span class='ocrx_word' id='word_1_181' title='bbox 775 2067 967 2140; x_wconf 87' lang='lat' dir='ltr'><strong>adversatur,</strong></span> <span class='ocrx_word' id='word_1_182' title='bbox 988 2070 1067 2131; x_wconf 77' lang='lat' dir='ltr'><strong>certe</strong></span> <span class='ocrx_word' id='word_1_183' title='bbox 1083 2091 1144 2133; x_wconf 90' lang='lat' dir='ltr'><strong>non</strong></span> 
     </span>
     <span class='ocr_line' id='line_1_24' title="bbox 133 2151 1143 2228; baseline 0.006 -18"><span class='ocrx_word' id='word_1_184' title='bbox 133 2160 211 2211; x_wconf 90' lang='lat' dir='ltr'><strong>esset</strong></span> <span class='ocrx_word' id='word_1_185' title='bbox 230 2161 389 2228; x_wconf 91' lang='lat' dir='ltr'><strong>peceatum.</strong></span> <span class='ocrx_word' id='word_1_186' title='bbox 409 2151 464 2209; x_wconf 88' lang='lat' dir='ltr'><strong>Sed</strong></span> <span class='ocrx_word' id='word_1_187' title='bbox 479 2152 547 2228; x_wconf 87' lang='lat' dir='ltr'><strong>quia</strong></span> <span class='ocrx_word' id='word_1_188' title='bbox 568 2151 775 2210; x_wconf 85' lang='lat' dir='ltr'><strong>verosimiliter</strong></span> <span class='ocrx_word' id='word_1_189' title='bbox 795 2152 883 2212; x_wconf 89' lang='lat' dir='ltr'><strong>rudes</strong></span> <span class='ocrx_word' id='word_1_190' title='bbox 902 2170 962 2213; x_wconf 90' lang='lat' dir='ltr'><strong>non</strong></span> <span class='ocrx_word' id='word_1_191' title='bbox 985 2154 1026 2213; x_wconf 91' lang='lat' dir='ltr'><strong>sic</strong></span> <span class='ocrx_word' id='word_1_192' title='bbox 1045 2157 1143 2216; x_wconf 85' lang='lat' dir='ltr'><strong>inten-</strong></span> 
     </span>
     <span class='ocr_line' id='line_1_25' title="bbox 132 2231 1142 2312; baseline 0.004 -16"><span class='ocrx_word' id='word_1_193' title='bbox 132 2235 230 2306; x_wconf 90' lang='lat' dir='ltr'><strong>dunt,</strong></span> <span class='ocrx_word' id='word_1_194' title='bbox 247 2236 297 2296; x_wconf 88' lang='lat' dir='ltr'><strong>sed</strong></span> <span class='ocrx_word' id='word_1_195' title='bbox 320 2231 418 2312; x_wconf 80' lang='lat' dir='ltr'><strong>potius</strong></span> <span class='ocrx_word' id='word_1_196' title='bbox 440 2243 474 2293; x_wconf 92' lang='lat' dir='ltr'><strong>ut</strong></span> <span class='ocrx_word' id='word_1_197' title='bbox 492 2233 652 2294; x_wconf 77' lang='lat' dir='ltr'><strong>ereatumi</strong></span> <span class='ocrx_word' id='word_1_198' title='bbox 673 2235 753 2304; x_wconf 89' lang='lat' dir='ltr'><strong>Deo,</strong></span> <span class='ocrx_word' id='word_1_199' title='bbox 769 2243 799 2294; x_wconf 92' lang='lat' dir='ltr'><strong>et</strong></span> <span class='ocrx_word' id='word_1_200' title='bbox 819 2235 855 2294; x_wconf 93' lang='lat' dir='ltr'><strong>de</strong></span> <span class='ocrx_word' id='word_1_201' title='bbox 876 2234 933 2294; x_wconf 89' lang='lat' dir='ltr'><strong>hoe</strong></span> <span class='ocrx_word' id='word_1_202' title='bbox 954 2254 986 2296; x_wconf 89' lang='lat' dir='ltr'><strong>se</strong></span> <span class='ocrx_word' id='word_1_203' title='bbox 1007 2245 1142 2300; x_wconf 84' lang='lat' dir='ltr'><strong>accusant</strong></span> 
     </span>
     <span class='ocr_line' id='line_1_26' title="bbox 132 2313 1143 2401; baseline 0.006 -23"><span class='ocrx_word' id='word_1_204' title='bbox 132 2338 204 2378; x_wconf 88' lang='lat' dir='ltr'><strong>cum</strong></span> <span class='ocrx_word' id='word_1_205' title='bbox 226 2336 331 2396; x_wconf 82' lang='lat' dir='ltr'><strong>magno</strong></span> <span class='ocrx_word' id='word_1_206' title='bbox 351 2316 491 2391; x_wconf 85' lang='lat' dir='ltr'><strong>horrore,</strong></span> <span class='ocrx_word' id='word_1_207' title='bbox 507 2317 572 2377; x_wconf 89' lang='lat' dir='ltr'><strong>dieo</strong></span> <span class='ocrx_word' id='word_1_208' title='bbox 596 2313 777 2395; x_wconf 78' lang='lat' dir='ltr'><strong>probabilius</strong></span> <span class='ocrx_word' id='word_1_209' title='bbox 791 2319 993 2397; x_wconf 87' lang='lat' dir='ltr'><strong>accipiendum</strong></span> <span class='ocrx_word' id='word_1_210' title='bbox 1010 2337 1072 2381; x_wconf 90' lang='lat' dir='ltr'><strong>esse</strong></span> <span class='ocrx_word' id='word_1_211' title='bbox 1088 2341 1143 2401; x_wconf 91' lang='lat' dir='ltr'><strong>pro</strong></span> 
     </span>
     <span class='ocr_line' id='line_1_27' title="bbox 132 2399 1140 2481; baseline 0.004 -18"><span class='ocrx_word' id='word_1_212' title='bbox 132 2403 221 2480; x_wconf 88' lang='lat' dir='ltr'><strong>culpa</strong></span> <span class='ocrx_word' id='word_1_213' title='bbox 242 2401 334 2481; x_wconf 80' lang='lat' dir='ltr'><strong>gravi.</strong></span> <span class='ocrx_word' id='word_1_214' title='bbox 357 2402 387 2460; x_wconf 87' lang='grc'><strong>6.</strong></span> <span class='ocrx_word' id='word_1_215' title='bbox 408 2399 581 2460; x_wconf 87' lang='lat' dir='ltr'><strong>Maledicere</strong></span> <span class='ocrx_word' id='word_1_216' title='bbox 606 2403 748 2461; x_wconf 84' lang='lat' dir='ltr'><strong>creaturis</strong></span> <span class='ocrx_word' id='word_1_217' title='bbox 772 2402 949 2472; x_wconf 88' lang='lat' dir='ltr'><strong>insensatis,</strong></span> <span class='ocrx_word' id='word_1_218' title='bbox 971 2411 1006 2463; x_wconf 89' lang='lat' dir='ltr'><strong>ut</strong></span> <span class='ocrx_word' id='word_1_219' title='bbox 1029 2416 1140 2479; x_wconf 86' lang='lat' dir='ltr'><strong>vento,</strong></span> 
     </span>
     <span class='ocr_line' id='line_1_28' title="bbox 133 2481 1141 2565; baseline 0.005 -21"><span class='ocrx_word' id='word_1_220' title='bbox 133 2487 270 2564; x_wconf 71' lang='lat' dir='ltr'><strong>pluviae,</strong></span> <span class='ocrx_word' id='word_1_221' title='bbox 293 2486 401 2556; x_wconf 88' lang='lat' dir='ltr'><strong>annis,</strong></span> <span class='ocrx_word' id='word_1_222' title='bbox 432 2481 557 2555; x_wconf 91' lang='lat' dir='ltr'><strong>diebus,</strong></span> <span class='ocrx_word' id='word_1_223' title='bbox 576 2486 660 2565; x_wconf 79' lang='lat' dir='ltr'><strong>igni,</strong></span> <span class='ocrx_word' id='word_1_224' title='bbox 685 2494 743 2546; x_wconf 89' lang='lat' dir='ltr'><strong>ete.</strong></span> <span class='ocrx_word' id='word_1_225' title='bbox 760 2529 777 2558; x_wconf 68' lang='lat'><strong>,‚</strong></span> <span class='ocrx_word' id='word_1_226' title='bbox 790 2504 850 2546; x_wconf 92' lang='lat' dir='ltr'><strong>non</strong></span> <span class='ocrx_word' id='word_1_227' title='bbox 874 2497 919 2546; x_wconf 90' lang='lat' dir='ltr'><strong>est</strong></span> <span class='ocrx_word' id='word_1_228' title='bbox 937 2486 1141 2565; x_wconf 90' lang='lat' dir='ltr'><strong>blasphemia,</strong></span> 
     </span>
     <span class='ocr_line' id='line_1_29' title="bbox 132 2567 1143 2648; baseline 0.005 -21"><span class='ocrx_word' id='word_1_229' title='bbox 132 2570 190 2628; x_wconf 92' lang='lat' dir='ltr'><strong>nisi</strong></span> <span class='ocrx_word' id='word_1_230' title='bbox 204 2567 373 2644; x_wconf 72' lang='lat' dir='ltr'><strong>huiusmodi</strong></span> <span class='ocrx_word' id='word_1_231' title='bbox 388 2578 529 2627; x_wconf 85' lang='lat' dir='ltr'><strong>creaturae</strong></span> <span class='ocrx_word' id='word_1_232' title='bbox 542 2567 675 2647; x_wconf 77' lang='lat' dir='ltr'><strong>expressi</strong></span> <span class='ocrx_word' id='word_1_233' title='bbox 686 2570 716 2628; x_wconf 92' lang='lat' dir='ltr'><strong>in</strong></span> <span class='ocrx_word' id='word_1_234' title='bbox 735 2571 830 2629; x_wconf 87' lang='lat' dir='ltr'><strong>Deum</strong></span> <span class='ocrx_word' id='word_1_235' title='bbox 846 2571 1039 2642; x_wconf 83' lang='lat' dir='ltr'><strong>referrentur,</strong></span> <span class='ocrx_word' id='word_1_236' title='bbox 1053 2582 1143 2648; x_wconf 87' lang='lat' dir='ltr'><strong>prout</strong></span> 
     </span>
     <span class='ocr_line' id='line_1_30' title="bbox 132 2647 1143 2732; baseline 0 -19"><span class='ocrx_word' id='word_1_237' title='bbox 132 2655 160 2713; x_wconf 89' lang='lat' dir='ltr'><strong>si</strong></span> <span class='ocrx_word' id='word_1_238' title='bbox 171 2654 341 2722; x_wconf 85' lang='lat' dir='ltr'><strong>diceretur,</strong></span> <span class='ocrx_word' id='word_1_239' title='bbox 363 2647 533 2713; x_wconf 83' lang='lat' dir='ltr'><strong>aroledietns</strong></span> <span class='ocrx_word' id='word_1_240' title='bbox 553 2651 594 2711; x_wconf 83' lang='lat' dir='ltr'><strong>sit</strong></span> <span class='ocrx_word' id='word_1_241' title='bbox 608 2651 687 2732; x_wconf 76' lang='lat' dir='ltr'><strong>ipris</strong></span> <span class='ocrx_word' id='word_1_242' title='bbox 706 2653 781 2727; x_wconf 89' lang='lat' dir='ltr'><strong>Dei,</strong></span> <span class='ocrx_word' id='word_1_243' title='bbox 793 2651 885 2730; x_wconf 79' lang='lat' dir='ltr'><strong>pcnc’a</strong></span> <span class='ocrx_word' id='word_1_244' title='bbox 905 2652 983 2721; x_wconf 83' lang='lat' dir='ltr'><strong>Dei,</strong></span> <span class='ocrx_word' id='word_1_245' title='bbox 1004 2661 1061 2712; x_wconf 90' lang='lat' dir='ltr'><strong>ete.</strong></span> <span class='ocrx_word' id='word_1_246' title='bbox 1081 2657 1143 2713; x_wconf 85' lang='lat' dir='ltr'><strong>lla·</strong></span> 
     </span>
     <span class='ocr_line' id='line_1_31' title="bbox 132 2734 1143 2811; baseline 0.003 -15"><span class='ocrx_word' id='word_1_247' title='bbox 132 2737 260 2796; x_wconf 89' lang='lat' dir='ltr'><strong>lodicere</strong></span> <span class='ocrx_word' id='word_1_248' title='bbox 281 2743 380 2794; x_wconf 91' lang='lat' dir='ltr'><strong>autem</strong></span> <span class='ocrx_word' id='word_1_249' title='bbox 394 2735 526 2811; x_wconf 89' lang='lat' dir='ltr'><strong>paradiso</strong></span> <span class='ocrx_word' id='word_1_250' title='bbox 541 2779 548 2808; x_wconf 92' lang='lat'>‚</span> <span class='ocrx_word' id='word_1_251' title='bbox 567 2745 618 2793; x_wconf 93' lang='lat' dir='ltr'><strong>aut</strong></span> <span class='ocrx_word' id='word_1_252' title='bbox 636 2734 743 2792; x_wconf 84' lang='lat' dir='ltr'><strong>animae</strong></span> <span class='ocrx_word' id='word_1_253' title='bbox 756 2736 835 2811; x_wconf 88' lang='lat' dir='ltr'><strong>(quia</strong></span> <span class='ocrx_word' id='word_1_254' title='bbox 853 2735 884 2792; x_wconf 93' lang='lat' dir='ltr'><strong>in</strong></span> <span class='ocrx_word' id='word_1_255' title='bbox 899 2735 996 2793; x_wconf 91' lang='lat' dir='ltr'><strong>anima</strong></span> <span class='ocrx_word' id='word_1_256' title='bbox 1009 2736 1143 2811; x_wconf 88' lang='lat' dir='ltr'><strong>splendet</strong></span> 
     </span>
     <span class='ocr_line' id='line_1_32' title="bbox 132 2815 1141 2899; baseline 0.003 -19"><span class='ocrx_word' id='word_1_257' title='bbox 132 2820 301 2899; x_wconf 87' lang='lat' dir='ltr'><strong>specialiter</strong></span> <span class='ocrx_word' id='word_1_258' title='bbox 319 2820 471 2897; x_wconf 89' lang='lat' dir='ltr'><strong>potentia,</strong></span> <span class='ocrx_word' id='word_1_259' title='bbox 495 2828 531 2878; x_wconf 81' lang='grc' dir='ltr'><strong>ει·</strong></span> <span class='ocrx_word' id='word_1_260' title='bbox 544 2820 641 2896; x_wconf 82' lang='lat' dir='ltr'><strong>imago</strong></span> <span class='ocrx_word' id='word_1_261' title='bbox 660 2815 773 2895; x_wconf 84' lang='lat' dir='ltr'><strong>divina)</strong></span> <span class='ocrx_word' id='word_1_262' title='bbox 799 2836 859 2878; x_wconf 93' lang='lat' dir='ltr'><strong>non</strong></span> <span class='ocrx_word' id='word_1_263' title='bbox 880 2827 925 2878; x_wconf 87' lang='lat' dir='ltr'><strong>est</strong></span> <span class='ocrx_word' id='word_1_264' title='bbox 946 2818 1141 2883; x_wconf 89' lang='lat' dir='ltr'><strong>dubitandum</strong></span> 
     </span>
     <span class='ocr_line' id='line_1_33' title="bbox 132 2901 1142 2983; baseline 0.004 -20"><span class='ocrx_word' id='word_1_265' title='bbox 132 2905 209 2983; x_wconf 85' lang='lat' dir='ltr'><strong>quin</strong></span> <span class='ocrx_word' id='word_1_266' title='bbox 226 2905 265 2962; x_wconf 91' lang='lat' dir='ltr'><strong>sit</strong></span> <span class='ocrx_word' id='word_1_267' title='bbox 282 2903 379 2981; x_wconf 79' lang='lat' dir='ltr'><strong>gravis</strong></span> <span class='ocrx_word' id='word_1_268' title='bbox 391 2901 572 2980; x_wconf 83' lang='lat' dir='ltr'><strong>blasphemia</strong></span> <span class='ocrx_word' id='word_1_269' title='bbox 590 2901 681 2981; x_wconf 79' lang='lat' dir='ltr'><strong>(Diei.</strong></span> <span class='ocrx_word' id='word_1_270' title='bbox 692 2920 726 2963; x_wconf 83' lang='lat' dir='ltr'><strong>n.</strong></span> <span class='ocrx_word' id='word_1_271' title='bbox 742 2901 832 2982; x_wconf 73' lang='lat' dir='ltr'><strong>raa).</strong></span> <span class='ocrx_word' id='word_1_272' title='bbox 846 2904 875 2964; x_wconf 88' lang='grc'><strong>7.</strong></span> <span class='ocrx_word' id='word_1_273' title='bbox 892 2904 1065 2967; x_wconf 84' lang='lat' dir='ltr'><strong>Maledicere</strong></span> <span class='ocrx_word' id='word_1_274' title='bbox 1083 2907 1142 2967; x_wconf 80' lang='lat' dir='ltr'><strong>dee·</strong></span> 
     </span>
     <span class='ocr_line' id='line_1_34' title="bbox 132 2986 1139 3064; baseline 0.001 -16"><span class='ocrx_word' id='word_1_275' title='bbox 132 2987 218 3048; x_wconf 89' lang='lat' dir='ltr'><strong>moni</strong></span> <span class='ocrx_word' id='word_1_276' title='bbox 238 3005 300 3046; x_wconf 89' lang='lat' dir='ltr'><strong>non</strong></span> <span class='ocrx_word' id='word_1_277' title='bbox 323 2995 366 3046; x_wconf 87' lang='lat' dir='ltr'><strong>est</strong></span> <span class='ocrx_word' id='word_1_278' title='bbox 384 2987 524 3061; x_wconf 90' lang='lat' dir='ltr'><strong>mortale,</strong></span> <span class='ocrx_word' id='word_1_279' title='bbox 546 2987 613 3064; x_wconf 89' lang='lat' dir='ltr'><strong>quia</strong></span> <span class='ocrx_word' id='word_1_280' title='bbox 627 2986 761 3047; x_wconf 88' lang='lat' dir='ltr'><strong>maledici</strong></span> <span class='ocrx_word' id='word_1_281' title='bbox 785 2990 913 3049; x_wconf 78' lang='lat' dir='ltr'><strong>solet⁸ut</strong></span> <span class='ocrx_word' id='word_1_282' title='bbox 930 2999 1033 3050; x_wconf 81' lang='lat' dir='ltr'><strong>auctor</strong></span> <span class='ocrx_word' id='word_1_283' title='bbox 1049 2991 1139 3062; x_wconf 90' lang='lat' dir='ltr'><strong>mali,</strong></span> 
     </span>
     <span class='ocr_line' id='line_1_35' title="bbox 130 3070 1140 3150; baseline 0 -20"><span class='ocrx_word' id='word_1_284' title='bbox 130 3078 164 3130; x_wconf 91' lang='lat' dir='ltr'><strong>ct</strong></span> <span class='ocrx_word' id='word_1_285' title='bbox 176 3071 231 3135; x_wconf 88' lang='lat' dir='ltr'><strong>Dei</strong></span> <span class='ocrx_word' id='word_1_286' title='bbox 243 3070 400 3129; x_wconf 84' lang='lat' dir='ltr'><strong>inimicus:</strong></span> <span class='ocrx_word' id='word_1_287' title='bbox 417 3070 542 3147; x_wconf 85' lang='lat' dir='ltr'><strong>idedque</strong></span> <span class='ocrx_word' id='word_1_288' title='bbox 564 3071 638 3130; x_wconf 87' lang='lat' dir='ltr'><strong>inse</strong></span> <span class='ocrx_word' id='word_1_289' title='bbox 656 3071 770 3131; x_wconf 83' lang='lat' dir='ltr'><strong>veniale</strong></span> <span class='ocrx_word' id='word_1_290' title='bbox 787 3073 907 3150; x_wconf 90' lang='lat' dir='ltr'><strong>quidem</strong></span> <span class='ocrx_word' id='word_1_291' title='bbox 920 3082 985 3145; x_wconf 92' lang='lat' dir='ltr'><strong>est,</strong></span> <span class='ocrx_word' id='word_1_292' title='bbox 1003 3075 1140 3150; x_wconf 86' lang='lat' dir='ltr'><strong>praescin-</strong></span> 
     </span>
     <span class='ocr_line' id='line_1_36' title="bbox 130 3153 1138 3233; baseline 0.003 -20"><span class='ocrx_word' id='word_1_293' title='bbox 130 3153 232 3213; x_wconf 87' lang='lat' dir='ltr'><strong>dendo</strong></span> <span class='ocrx_word' id='word_1_294' title='bbox 243 3153 281 3213; x_wconf 90' lang='lat' dir='ltr'><strong>ab</strong></span> <span class='ocrx_word' id='word_1_295' title='bbox 293 3161 358 3213; x_wconf 89' lang='lat' dir='ltr'><strong>actu</strong></span> <span class='ocrx_word' id='word_1_296' title='bbox 371 3153 562 3231; x_wconf 86' lang='lat' dir='ltr'><strong>impatientiae</strong></span> <span class='ocrx_word' id='word_1_297' title='bbox 575 3196 584 3225; x_wconf 90' lang='lat'>‚</span> <span class='ocrx_word' id='word_1_298' title='bbox 597 3154 648 3232; x_wconf 89' lang='lat' dir='ltr'><strong>qui</strong></span> <span class='ocrx_word' id='word_1_299' title='bbox 666 3162 766 3215; x_wconf 92' lang='lat' dir='ltr'><strong>tamen</strong></span> <span class='ocrx_word' id='word_1_300' title='bbox 777 3154 860 3216; x_wconf 74' lang='lat' dir='ltr'><strong>satelli</strong></span> <span class='ocrx_word' id='word_1_301' title='bbox 879 3156 1037 3216; x_wconf 89' lang='lat' dir='ltr'><strong>comitatur</strong></span> <span class='ocrx_word' id='word_1_302' title='bbox 1048 3154 1138 3233; x_wconf 77' lang='lat' dir='ltr'><strong>(ibid.</strong></span> 
     </span>
     <span class='ocr_line' id='line_1_37' title="bbox 130 3233 1139 3315; baseline 0.005 -21"><span class='ocrx_word' id='word_1_303' title='bbox 130 3233 367 3312; x_wconf 53' lang='lat' dir='ltr'><strong>remaledicere).</strong></span> <span class='ocrx_word' id='word_1_304' title='bbox 379 3238 483 3296; x_wconf 84' lang='lat' dir='ltr'><strong>Dicere</strong></span> <span class='ocrx_word' id='word_1_305' title='bbox 504 3246 602 3297; x_wconf 90' lang='lat' dir='ltr'><strong>autem</strong></span> <span class='ocrx_word' id='word_1_306' title='bbox 623 3237 775 3299; x_wconf 88' lang='lat' dir='ltr'><strong>diabolum</strong></span> <span class='ocrx_word' id='word_1_307' title='bbox 795 3247 950 3315; x_wconf 85' lang='lat' dir='ltr'><strong>sonetum,</strong></span> <span class='ocrx_word' id='word_1_308' title='bbox 971 3246 1023 3298; x_wconf 89' lang='lat' dir='ltr'><strong>aut</strong></span> <span class='ocrx_word' id='word_1_309' title='bbox 1044 3234 1139 3299; x_wconf 72' lang='lat' dir='ltr'><strong>euriti-</strong></span> 
     </span>
     <span class='ocr_line' id='line_1_38' title="bbox 117 3318 1204 3400; baseline 0.006 -23"><span class='ocrx_word' id='word_1_310' title='bbox 117 3324 301 3396; x_wconf 61' lang='lat' dir='ltr'><strong>&#39;polentam</strong></span> <span class='ocrx_word' id='word_1_311' title='bbox 322 3328 367 3379; x_wconf 86' lang='lat' dir='ltr'><strong>est</strong></span> <span class='ocrx_word' id='word_1_312' title='bbox 384 3337 453 3379; x_wconf 86' lang='lat' dir='ltr'><strong>vera</strong></span> <span class='ocrx_word' id='word_1_313' title='bbox 473 3319 673 3399; x_wconf 89' lang='lat' dir='ltr'><strong>blasphemia,</strong></span> <span class='ocrx_word' id='word_1_314' title='bbox 696 3341 730 3383; x_wconf 92' lang='lat' dir='ltr'><strong>ae</strong></span> <span class='ocrx_word' id='word_1_315' title='bbox 752 3324 873 3400; x_wconf 78' lang='lat' dir='ltr'><strong>gravis5</strong></span> <span class='ocrx_word' id='word_1_316' title='bbox 892 3321 943 3381; x_wconf 91' lang='lat' dir='ltr'><strong>sed</strong></span> <span class='ocrx_word' id='word_1_317' title='bbox 965 3320 1026 3382; x_wconf 83' lang='lat' dir='ltr'><strong>imd</strong></span> <span class='ocrx_word' id='word_1_318' title='bbox 1045 3325 1140 3383; x_wconf 73' lang='lat' dir='ltr'><strong>haere·</strong></span> <span class='ocrx_word' id='word_1_319' title='bbox 1193 3318 1204 3330; x_wconf 69' lang='grc'><strong>”</strong></span> 
     </span>
     <span class='ocr_line' id='line_1_39' title="bbox 130 3402 1139 3483; baseline 0.006 -23"><span class='ocrx_word' id='word_1_320' title='bbox 130 3402 248 3472; x_wconf 84' lang='lat' dir='ltr'><strong>tirolis,</strong></span> <span class='ocrx_word' id='word_1_321' title='bbox 267 3403 293 3462; x_wconf 87' lang='lat' dir='ltr'><strong>si</strong></span> <span class='ocrx_word' id='word_1_322' title='bbox 321 3403 504 3480; x_wconf 77' lang='lat' dir='ltr'><strong>proferretur</strong></span> <span class='ocrx_word' id='word_1_323' title='bbox 524 3422 592 3463; x_wconf 91' lang='lat' dir='ltr'><strong>eum</strong></span> <span class='ocrx_word' id='word_1_324' title='bbox 614 3406 780 3467; x_wconf 73' lang='lat' dir='ltr'><strong>intellectis</strong></span> <span class='ocrx_word' id='word_1_325' title='bbox 797 3422 916 3475; x_wconf 88' lang='lat' dir='ltr'><strong>errore,</strong></span> <span class='ocrx_word' id='word_1_326' title='bbox 941 3405 992 3483; x_wconf 86' lang='lat' dir='ltr'><strong>qui</strong></span> <span class='ocrx_word' id='word_1_327' title='bbox 1020 3408 1139 3483; x_wconf 89' lang='lat' dir='ltr'><strong>quidem</strong></span> 
     </span>
     <span class='ocr_line' id='line_1_40' title="bbox 128 3485 1139 3570; baseline 0.007 -27"><span class='ocrx_word' id='word_1_328' title='bbox 128 3485 309 3564; x_wconf 78' lang='lat' dir='ltr'><strong>regulariter</strong></span> <span class='ocrx_word' id='word_1_329' title='bbox 324 3488 472 3570; x_wconf 91' lang='lat' dir='ltr'><strong>loquendo</strong></span> <span class='ocrx_word' id='word_1_330' title='bbox 491 3505 551 3548; x_wconf 92' lang='lat' dir='ltr'><strong>non</strong></span> <span class='ocrx_word' id='word_1_331' title='bbox 570 3492 771 3561; x_wconf 85' lang='lat' dir='ltr'><strong>praesumitur.</strong></span> <span class='ocrx_word' id='word_1_332' title='bbox 794 3488 851 3549; x_wconf 89' lang='lat' dir='ltr'><strong>Sed</strong></span> <span class='ocrx_word' id='word_1_333' title='bbox 867 3506 927 3549; x_wconf 88' lang='lat' dir='ltr'><strong>non</strong></span> <span class='ocrx_word' id='word_1_334' title='bbox 941 3498 985 3550; x_wconf 87' lang='lat' dir='ltr'><strong>est</strong></span> <span class='ocrx_word' id='word_1_335' title='bbox 1005 3490 1139 3568; x_wconf 82' lang='lat' dir='ltr'><strong>blasphe·</strong></span> 
     </span>
     <span class='ocr_line' id='line_1_41' title="bbox 127 3568 1139 3658; baseline -0.002 -22"><span class='ocrx_word' id='word_1_336' title='bbox 127 3568 193 3636; x_wconf 79' lang='lat' dir='ltr'><strong>taio</strong></span> <span class='ocrx_word' id='word_1_337' title='bbox 213 3570 362 3655; x_wconf 86' lang='lat' dir='ltr'><strong>appellare</strong></span> <span class='ocrx_word' id='word_1_338' title='bbox 374 3571 539 3634; x_wconf 87' lang='lat' dir='ltr'><strong>daemonem</strong></span> <span class='ocrx_word' id='word_1_339' title='bbox 549 3580 696 3658; x_wconf 79' lang='lat' dir='ltr'><strong>petentem</strong></span> <span class='ocrx_word' id='word_1_340' title='bbox 710 3616 720 3648; x_wconf 89' lang='lat'><strong>,</strong></span> <span class='ocrx_word' id='word_1_341' title='bbox 736 3579 788 3634; x_wconf 88' lang='lat' dir='ltr'><strong>aut</strong></span> <span class='ocrx_word' id='word_1_342' title='bbox 802 3570 963 3658; x_wconf 84' lang='lat' dir='ltr'><strong>sapientem</strong></span> <span class='ocrx_word' id='word_1_343' title='bbox 972 3617 982 3650; x_wconf 87' lang='lat'><strong>,</strong></span> <span class='ocrx_word' id='word_1_344' title='bbox 1004 3575 1073 3656; x_wconf 86' lang='lat' dir='ltr'><strong>quia</strong></span> <span class='ocrx_word' id='word_1_345' title='bbox 1090 3574 1139 3637; x_wconf 84' lang='lat' dir='ltr'><strong>illo</strong></span> 
     </span>
    </p>
   </div>
   <div class='ocr_carea' id='block_1_5' title="bbox 0 0 1326 4167">
    <p class='ocr_par' dir='ltr' id='par_1_6' title="bbox 0 0 1326 4167">
     <span class='ocr_line' id='line_1_42' title="bbox 0 0 1326 4167; baseline 0 2"><span class='ocrx_word' id='word_1_346' title='bbox 0 0 1326 4167; x_wconf 95' lang='lat' dir='ltr'><strong> </strong></span> 
     </span>
    </p>
   </div>
  </div>
 </body>
</html>
