2642 4167
339 170 367 250 ς.
377 172 415 230 V.
425 124 544 232 Mbnita
559 169 636 230 circo
651 188 773 252 ugonem
785 178 814 232 et
826 179 956 234 creontem.
1095 179 1152 241 ltu

144 274 200 351 poi
210 280 236 333 te
254 270 384 344 creavit,
399 268 546 333 benedicat
557 277 583 330 te
595 267 711 340 Filius,
729 270 784 351 quei
801 278 828 333 te
849 270 970 333 redemit
979 319 989 351 ,
1005 273 1153 339 benedicet

141 355 460 435 fermentaceorum,
487 359 541 432 qui
562 360 589 413 te
604 351 810 426 sanctificarat.
824 356 854 415 5.
868 355 1024 419 Salvatoris
1037 377 1150 422 necnon

144 442 243 500 llarim
271 440 403 515 aliquam
434 437 594 516 imaginem
616 434 722 514 smpiirs
746 438 934 500 osculandum
957 441 1094 519 praebeat.
1117 447 1148 510 t.

143 526 254 595 Curet,
269 531 304 581 ut
317 521 453 581 infirmus
470 522 602 580 lucretur
614 537 716 581 omnes
729 521 1024 602 indulgentias‚guas
1036 535 1148 605 potest,

142 615 171 667 et
181 606 347 684 praesertim
364 603 487 682 accipiat
496 603 728 664 benedictionem
743 604 775 665 in
785 606 911 666 articulo
922 608 1028 670 mortis
1038 609 1149 673 Beued.

140 690 232 752 XIV.
246 706 316 749 cum
330 686 512 765 indulgentia
534 686 665 765 plenaria
682 686 773 765 quem
790 686 865 749 iniria
887 707 920 750 n.
943 692 1013 753 287.
1027 703 1151 756 annom«

141 774 240 834 bimus
260 775 291 833 b.
313 770 479 832 ldentidem
500 777 637 848 suggerat
657 771 787 849 aliquam
809 773 986 836 seutentiam
1015 778 1150 852 doloris,

141 855 378 926 conformitatis,
399 855 462 933 spei
482 855 513 914 in
531 852 651 914 Domini
671 855 882 932 passionemao
898 858 932 920 B.
947 861 1047 925 llario
1065 863 1153 925 inter·

141 941 332 1009 cessionem,
361 934 476 997 necnon
500 936 638 996 desiderii
667 935 788 999 videndi
809 938 915 1005 Deum.
940 946 1029 1008 curet
1054 954 1152 1008 tamen

140 1023 277 1084 sacerdos
298 1022 486 1081 intervallum
506 1017 626 1099 aliquod
645 1020 859 1100 interponere,
877 1036 912 1090 ut
932 1027 1071 1092 infirmus
1099 1028 1153 1092 ha-

141 1107 209 1167 beat
234 1113 267 1166 ct
282 1104 453 1165 ruminandi
476 1110 595 1182 tempus
611 1147 620 1175 ,
637 1112 668 1165 et
694 1106 874 1188 quiescendi.
893 1113 926 1174 6.
955 1113 1096 1189 Student,
1118 1124 1154 1176 ut

51 1224 56 1230 -
142 1187 305 1269 sepissime
328 1189 381 1248 SS.
407 1188 495 1257 lesu,
515 1194 547 1248 et
562 1188 663 1250 uaria
686 1194 830 1270 nomino,
862 1195 967 1257 saltam
994 1199 1107 1273 corde,
1127 1200 1152 1262 si

140 1274 223 1351 loqui
252 1290 314 1333 non
337 1278 458 1350 potest,
482 1272 624 1348 invocet,
644 1292 678 1337 ac
709 1278 862 1339 multoties
888 1279 965 1341 dicat
988 1284 1153 1344 orationem

141 1358 247 1418 illam:
267 1353 375 1418 Mario
393 1355 493 1416 Mater
509 1357 636 1439 gratioe,
650 1368 703 1422 etc.
721 1362 752 1421 7.
766 1363 876 1441 Agonis
893 1372 1027 1443 tempore
1047 1367 1152 1437 faeiat,

140 1451 174 1502 ut
186 1443 410 1501 circumstantes
426 1437 528 1519 plures
540 1447 580 1505 “Β.
592 1445 690 1506 Marica
703 1446 835 1524 Virginis
847 1446 963 1507 litanias
976 1466 1030 1526 pro
1042 1457 1153 1527 egroto

112 1561 116 1568 ·
140 1524 252 1585 dicant.
268 1522 405 1584 Proderit
417 1526 506 1586 etiam
520 1539 701 1606 procurare,
723 1538 758 1589 ut
771 1533 844 1591 tunc
864 1531 998 1608 pulsetur
1014 1549 1153 1609 campana

140 1607 243 1688 agonis
259 1606 311 1667 ad
332 1608 553 1689 significandam
575 1612 716 1673 omnibus
736 1612 897 1673 instantem
920 1620 1049 1674 mortem
1075 1615 1154 1693 espi-

140 1692 235 1753 rantis
252 1694 376 1771 aegroti,
395 1703 430 1754 ut
452 1712 507 1772 pro
525 1694 589 1772 ipso
609 1703 718 1770 orent3
738 1694 819 1771 quod
841 1694 931 1757 etiam
953 1696 1032 1757 sanis
1049 1695 1155 1774 juvare

141 1786 251 1855 potest.
274 1779 310 1838 ltt
334 1776 388 1850 bic
401 1779 563 1857 generatim
585 1777 883 1840 animadvertendum
904 1788 967 1853 est,
987 1779 1069 1859 quoa
1086 1779 1154 1844 cum

142 1861 284 1922 infirmus
301 1870 346 1921 est
358 1862 489 1921 sensibus
503 1860 660 1921 destitutus
671 1904 680 1935 ,
691 1860 783 1939 magis
797 1861 840 1921 illi
853 1861 976 1941 prosunt
989 1864 1152 1943 orationes,

141 1944 234 2022 qnam
267 1944 366 2005 verba.
401 1947 431 2005 8.
460 1944 535 2006 Cirm
557 1951 675 2022 tempus
696 1943 848 2022 expirandi
881 1946 993 2024 instat,
1019 1949 1153 2012 sacerdos

144 2028 240 2090 flebili
256 2046 351 2100 voce,
374 2038 405 2089 et
428 2028 512 2090 flexis
540 2029 666 2108 genibus
690 2036 843 2100 consuetas
864 2031 997 2093 Ecclesiae
1009 2034 1154 2097 orationes

145 2114 252 2174 recitet
275 2133 286 2171 a
310 2111 520 2193 Proficiscere,
539 2113 690 2175 emutio
708 2112 769 2175 tine
786 2114 950 2189 Breviorii,
971 2126 1022 2179 aut
1043 2118 1152 2182 Rituali

145 2195 304 2257 habentur.
331 2198 361 2257 9.
383 2198 462 2256 Dum
478 2213 608 2270 manus,
639 2197 746 2275 pedes,
769 2205 825 2259 etc.
848 2199 961 2262 infirmi
978 2204 1094 2280 tangit,
1120 2211 1154 2263 ut

147 2297 186 2344 on
204 2279 343 2358 friguerit
358 2279 456 2339 rideat
468 2323 478 2352 ,
492 2289 593 2366 caveat
617 2282 720 2344 saltem
742 2300 781 2343 ne
799 2281 905 2363 eoepiite
926 2283 979 2348 fiat
988 2328 999 2360 ,
1021 2303 1059 2345 ne
1083 2301 1153 2350 eum

147 2364 303 2442 perturbet
314 2372 362 2440 3et
372 2381 410 2424 ne
425 2364 612 2425 illumvertat
623 2409 632 2437 ,
645 2375 729 2427 curet
742 2366 793 2427 illo
811 2367 913 2446 agonis
928 2376 1023 2438 statu,
1036 2384 1106 2428 uam
1120 2367 1153 2428 id

146 2456 276 2509 mortem
300 2448 461 2509 accelerare
481 2455 587 2526 posset.
608 2452 658 2510 to.
681 2451 761 2510 Dum
780 2450 918 2509 infirmus
936 2451 1089 2528 proximus
1109 2459 1155 2512 est

147 2531 185 2593 ad
208 2532 393 2604 transitum,
413 2530 503 2593 tradit
522 2534 550 2594 ei
577 2532 729 2594 candelam
750 2532 954 2606 benedictam,
980 2542 1014 2593 ut
1033 2541 1152 2607 teneat,

147 2626 179 2677 ct
194 2617 235 2677 ita
252 2617 285 2677 in
303 2614 364 2676 fide
380 2616 461 2676 mori
475 2616 657 2692 profiteatur.
674 2618 723 2677 ll.
736 2616 815 2675 llum
832 2615 967 2675 infirmus
980 2613 1075 2676 adbuc
1092 2633 1154 2679 sen·

146 2701 229 2761 sibus
252 2702 357 2779 viget,
383 2699 598 2761 absolutionem
615 2699 727 2776 pluries
748 2698 776 2756 ei
798 2696 934 2756 conferri·
947 2707 1013 2775 post
1034 2699 1154 2762 brevem

148 2783 419 2844 reconciliationem
428 2782 545 2860 juvabit
558 2825 567 2855 ,
581 2789 616 2841 ut
630 2779 672 2840 itt
687 2779 738 2838 ille
748 2778 839 2858 magis
848 2779 923 2838 circa
933 2787 1042 2841 statum
1053 2784 1156 2861 gratim

147 2884 268 2927 securm
284 2864 445 2937 reddatur,
466 2866 491 2926 si
506 2865 604 2926 forsan
625 2862 782 2942 praeterite
802 2861 996 2924 confessiones
1018 2864 1155 2927 invalide

146 2951 291 3025 fuissent,
311 2956 364 3008 aut
387 2949 490 3009 saltem
511 2949 613 3027 gratiae
641 2953 834 3027 angmentum
852 2946 995 3026 recipiat,
1016 2966 1070 3009 nec
1091 2967 1152 3012 non

147 3032 312 3110 purgatorii
333 3049 429 3109 poenae
449 3033 476 3092 ci
496 3032 680 3093 minuantur.
707 3032 744 3092 Et
770 3031 795 3090 si
817 3028 893 3092 forte
919 3031 1057 3093 infirmus
1084 3039 1155 3096 tunc

147 3116 181 3176 in
204 3114 313 3176 lethde
333 3114 443 3175 incidat
468 3122 644 3192 peccatum,
668 3132 708 3176 ne
738 3121 906 3187 exterreat,
933 3117 984 3177 sed
1007 3110 1154 3190 monens,

148 3208 184 3258 ut
205 3199 274 3264 lesu
297 3215 330 3257 ae
347 3198 448 3258 ldariae
466 3198 587 3259 nomina
610 3199 750 3273 invocet,
770 3200 796 3258 si
824 3195 926 3259 rursirs
953 3208 1081 3261 tentatur
1104 3201 1156 3263 be-

149 3279 241 3358 nigni
256 3282 352 3359 ipsum
366 3276 528 3355 confortet,
541 3292 679 3362 procuret
690 3292 724 3343 ut
732 3283 917 3344 contritionis
930 3292 1026 3344 actum
1038 3285 1155 3361 eliciat,

149 3373 182 3424 et
201 3365 300 3423 statim
319 3363 460 3425 absolvat.
474 3365 512 3432 ¹Si
540 3374 639 3426 umen
660 3367 798 3428 infirmus
816 3365 878 3443 jam
909 3366 1040 3430 sensibus
1058 3379 1154 3444 curet,

150 3456 182 3505 et
194 3446 310 3507 nullum
328 3445 459 3523 doloris,
478 3465 533 3509 nec
552 3450 744 3510 absolutionis
765 3449 901 3512 desiderii
921 3450 1037 3529 signum
1058 3461 1156 3515 ouen·

151 3527 220 3603 dit,
237 3546 299 3592 non
318 3530 437 3611 expedit
456 3530 541 3596 valde
556 3530 666 3611 sepita
687 3532 766 3597 intra
782 3532 919 3598 eumdem
941 3533 1020 3599 diem
1043 3533 1153 3600 absolu·
