2642 4167
311 267 323 287 ,
372 217 955 303 §.lbepoos'amtotneouuoueu
1134 229 1180 293 ta

163 320 401 390 baediffieulter
412 319 515 381 baberi
527 320 651 398 potasti
669 321 770 398 pueris
778 322 830 399 qai
838 323 970 400 perlaeta
981 337 1036 386 usu
1048 327 1173 389 rationis

163 419 277 473 eareat.
289 409 326 468 ιιι
340 404 639 486 probabiliteaplures
645 405 819 466 {indicunt
828 406 874 486 (t.
889 426 915 467 e.
927 427 959 467 n.
972 407 1042 469 432.
1050 409 1083 470 in
1088 409 1172 490 fios.)

160 493 244 574 qubd
255 491 343 573 pueri
360 490 409 550 isti
423 487 515 550 auoit
541 488 675 568 dispositi
698 490 809 551 absolvi
822 501 945 570 possunt
962 491 1078 571 (saltem
1105 505 1172 573 post

30 613 33 658 q
160 579 238 640 dnos
251 575 301 639 vel
315 585 375 637 troo
388 572 514 651 menses)
528 573 584 634 aab
595 574 783 646 conditione,
796 575 864 638 lieu
875 576 936 637 oola
947 579 1072 639 venialia
1083 579 1170 641 aller·

30 675 43 708 '-
159 672 252 736 rent,
272 679 312 722 no
323 669 441 721 careant
452 657 504 718 diii
517 659 611 736 gratia
625 660 852 730 sacramentali,
871 671 902 721 et
917 661 994 724 sorti
1006 664 1095 725 etiam
1107 682 1172 725 san·

159 747 329 818 ntificante,
352 745 377 804 si
396 742 475 804 forte
497 742 625 820 aliquam
655 761 776 822 gravem
795 746 911 823 eulpam
930 744 1074 808 baberent
1101 748 1172 825 ipsis

158 830 319 890 occultam.
332 828 455 905 Oportet
467 835 568 887 autem
584 845 706 898 narare,
724 837 762 887 nt
781 826 811 888 hi
827 831 911 908 pueri
931 832 1051 893 eliciant
1073 840 1170 892 aetum

158 910 277 975 doloris
300 910 496 972 neeessariam
521 910 557 969 od
580 910 797 989 suscipiendam
825 913 1062 985 absolutionem,
1082 913 1172 976 modo

158 1003 298 1075 respectu
321 995 455 1072 ipsorum
472 993 566 1071 magis
583 996 734 1073 proprio,
755 998 882 1075 exempli
904 1001 1021 1077 gratita
1043 998 1172 1059 nonna

159 1085 261 1143 Deum
274 1097 326 1159 qua
338 1085 382 1139 est
391 1076 541 1138 Dominus
555 1087 623 1138 tous
638 1086 700 1139 tam
711 1098 857 1160 mous,
871 1089 900 1142 et
918 1090 981 1141 toro
994 1080 1102 1154 bouus,
1118 1081 1173 1160 qui

159 1174 189 1225 te
201 1161 331 1239 ινιαυιι,
341 1178 395 1243 pro
411 1168 438 1221 te
449 1167 492 1222 eat
509 1171 658 1239 oaorluua,
675 1170 747 1223 ete?
758 1167 846 1225 Hune
857 1168 953 1226 Deum
966 1173 999 1226 tu
1010 1164 1168 1245 offendisti.

158 1245 415 1329 Ipsetibiueoiooa
427 1243 774 1328 dornoniaettuopero,
803 1248 1171 1330 uddproptersonquiuem

157 1334 236 1391 Jesu
249 1329 361 1391 Christi
371 1326 444 1389 Filii
454 1328 504 1389 aui
516 1327 571 1390 tibi
585 1330 728 1410 ipatuscot.
740 1267 802 1391 Sed
809 1342 920 1413 oportet
938 1316 1076 1413 panitiae.
1091 1330 1171 1408 Quali

158 1412 238 1478 dieis
247 1417 262 1473 7
271 1412 391 1493 poenitet
400 1420 426 1473 te
438 1429 516 1473 nuno
527 1431 592 1473 eom
604 1415 775 1495 offendisse,
787 1424 840 1477 eto.
855 1418 925 1478 latis
940 1415 1081 1497 injuriis,
1095 1432 1170 1496 quos

159 1501 228 1562 Deo
237 1498 387 1580 inoptata,
399 1497 700 1581 scioquidinferouoa
714 1500 1002 1583 memutilda'aplieet
1019 1499 1073 1562 tibi
1091 1497 1171 1578 quid

160 1587 177 1648 i
198 1584 641 1666 aosleainrniaeriatlleoameus,
651 1605 809 1668 uunquam
819 1586 949 1668 amplius
960 1584 1026 1647 noio
1039 1594 1064 1645 te
1079 1585 1170 1664 offen·

183 1678 303 1741 ere,ete.
311 1670 485 1730 Paenitentia
494 1681 592 1730 autem
604 1670 649 1730 bis
658 1674 757 1750 pneris
767 1672 948 1748 injungenda
959 1669 1170 1743 levissitquan·

159 1754 230 1816 tdm
247 1754 312 1814 lieni
332 1763 449 1834 polest3
465 1762 496 1812 et
520 1756 684 1814 curandum
702 1798 712 1830 ‚
731 1762 766 1815 nt
787 1755 836 1813 illa
854 1755 892 1813 ab
906 1754 975 1831 ipsis
994 1748 1168 1829 quontooiais

159 1839 333 1919 impleatur,
347 1838 477 1915 alioquin
489 1850 540 1909 aut
551 1856 616 1897 eam
626 1840 851 1913 obliviscentur,
862 1847 915 1897 ant
924 1837 1169 1897 omittent.Curet

160 1923 254 1984 etiam
275 1922 467 1982 confessarius
491 1921 671 2001 magnopere
692 1926 791 2001 pueris
814 1922 963 1983 insinuare
980 1920 1168 1981 devotionem

160 2026 232 2086 erga
246 2007 419 2084 Doiparam,
438 2016 530 2084 utque
543 2013 669 2069 renitent
680 2007 813 2091 quotidie
826 2008 980 2068 llosarium
990 2052 1000 2082 ,
1011 2015 1041 2066 et
1055 2015 1100 2065 ter
1108 2006 1167 2064 Aac

158 2091 293 2153 mandet
307 2089 372 2150 sard
384 2134 392 2161 ,
405 2090 609 2168 semperbano
620 2109 738 2171 precem
751 2090 937 2172 adjungendo
951 2113 960 2151 a
974 2092 1165 2165 ueterano,

160 2175 255 2237 libero
267 2193 312 2235 me
325 2177 345 2234 d
360 2182 475 2255 ponente
491 2174 622 2236 mortali.

201 2262 251 2320 ιιι.
273 2260 355 2319 Circa
372 2258 443 2319 vead
463 2255 572 2321 statum
592 2261 629 2320 ab
651 2259 752 2339 aliquo
774 2260 956 2323 adolescente
977 2259 1165 2339 eligendum,

159 2363 223 2406 non
239 2343 344 2402 audeat
368 2342 558 2403 confessarius
576 2344 662 2404 illum
681 2346 708 2405 ei
727 2346 948 2418 determinare,
971 2345 1023 2406 aed
1048 2342 1167 2404 tantiam

158 2449 199 2491 ex
211 2428 327 2489 indiciis
339 2437 421 2487 earet
438 2428 560 2489 suadere
578 2439 686 2491 statum
712 2431 798 2491 illum
814 2475 823 2503 ,
842 2432 879 2491 ad
897 2448 986 2508 quem
1003 2427 1167 2508 prudenter

154 2512 292 2593 judicare
311 2518 407 2590 potest
426 2513 523 2591 ipsum
535 2512 551 2573 l
565 2516 626 2575 Deo
636 2517 747 2575 vanari.
762 2517 928 2575 Praesertim
943 2558 952 2585 ,
970 2510 1116 2590 loquendo
1130 2508 1169 2570 de

158 2601 198 2661 ils
223 2599 275 2676 qui
298 2597 471 2674 religionem
498 2598 612 2676 ingredi
632 2600 761 2669 volunt,
783 2609 852 2658 ante
870 2600 970 2658 omnia
994 2604 1077 2655 earet
1095 2610 1167 2654 eon·

156 2682 296 2746 {marius
324 2679 400 2742 bend
424 2682 618 2761 ponderare,
647 2682 680 2740 in
703 2682 820 2758 qualem
851 2680 1026 2757 religionem
1049 2675 1165 2757 ingredi

160 2766 305 2846 eupiaut3
328 2783 398 2825 nam
419 2768 442 2825 ai
471 2783 604 2844 unquam
623 2764 797 2824 Institutum
819 2762 894 2822 illud
917 2763 1079 2822 relaxatum
1101 2769 1165 2833 est,
1280 2789 1282 2792 ·

160 2848 270 2912 melida
290 2850 348 2909 erit
368 2850 455 2910 alieni
475 2847 636 2929 (ordinarit
655 2847 815 2926 loquendo)
831 2857 866 2907 ut
889 2848 920 2907 in
941 2848 1046 2908 εωιιιιο
1068 2862 1166 2906 rema·

148 2944 253 3011 ·neat;
273 2951 343 2993 nam
361 2934 405 2993 illi
418 2952 450 2994 se
471 2934 655 3013 aggregando
682 2934 744 3010 ipse
766 2951 798 2993 se
817 2943 899 3011 geret
912 2932 988 2993 sient
1008 2950 1040 2993 se
1055 2936 1165 3010 gerunt

159 3021 231 3093 alii,
254 3027 286 3079 et
305 3035 412 3097 parum
424 3020 499 3079 illud
519 3020 588 3079 boni
604 3018 683 3098 quod
704 3018 787 3097 poids
801 3019 1021 3098 exequebatur,
1038 3016 1076 3077 de
1089 3013 1166 3075 facili

159 3106 193 3166 in
216 3101 268 3164 tali
294 3103 440 3181 religione
465 3104 613 3182 negliget,
640 3112 675 3163 ut
696 3105 804 3165 miseri
833 3106 968 3182 pluribus
993 3100 1106 3162 amidit.
1129 3100 1166 3158 Et

158 3185 307 3268 precipui
327 3203 467 3265 magnum
484 3189 658 3265 scrupulum
672 3188 728 3247 sibi
744 3189 829 3248 luent
851 3185 1064 3255 molossorius,
1088 3183 1112 3241 'si
1128 3180 1166 3242 ad

159 3271 393 3343 insinuationem
414 3273 650 3349 propinquorum
671 3270 791 3331 suadeat
806 3270 909 3349 juveni
929 3270 997 3341 illi,
1022 3276 1055 3328 ut
1075 3266 1165 3327 intret

158 3355 192 3419 iu
219 3356 352 3435 aliquam
375 3354 544 3433 hujusmodi
574 3356 828 3422 inobservantium
853 3355 1108 3416 communitatum.
1133 3350 1164 3412 Si

158 3450 259 3503 tamen
271 3439 379 3518 religio
390 3442 575 3502 observantid
589 3442 698 3514 lloaet,
714 3441 904 3502 confessarius
924 3440 1104 3502 voeauonem
1118 3436 1165 3498 sui

159 3526 335 3604 punitentia
353 3524 429 3585 beni
451 3526 574 3603 probet,
597 3523 775 3607 inquirendo
788 3527 811 3585 si
825 3526 862 3586 ad
876 3526 957 3585 illam
971 3524 1076 3586 habeat
1097 3541 1162 3602 pm·

158 3611 257 3675 nitens
272 3609 521 3690 impedimentum
536 3612 655 3694 aliquod
675 3611 887 3689 inhabilitatis,
907 3611 1033 3676 infirme
1049 3612 1162 3675 valetn-
