2642 4167
353 177 357 182 '
432 173 482 231 Ex
494 168 628 251 operabam
639 167 789 230 Benedicti
798 169 889 251 XIV.
1025 234 1029 239 ,
1104 168 1155 227 ttt

541 361 749 421 setcttct't
752 361 785 417 tl.

203 531 369 613 Spectacula
381 527 595 598 inverecunda,
616 524 660 586 uti
673 537 742 585 surrt
754 542 935 603 puerorum,
956 532 985 583 ct
999 522 1164 585 adolescen-

165 621 240 680 tiana
254 616 402 678 nudorum
417 629 537 679 cursus
556 619 586 671 et
611 610 697 670 luctae
715 607 828 668 etiamsi
850 607 936 685 longi
955 604 1165 666 cousuetudine

165 690 355 775 introducite,
370 715 406 758 ne
420 696 628 774 permittantur
640 694 682 753 ab
691 692 857 791 Episcopis
876 701 966 766 utque
979 691 1090 766 legibus
1100 692 1165 749 latis

186 782 398 855 cohibeamur,
420 779 539 840 mandat
564 778 732 839 Pontifex
724 797 755 837 ιιι
781 776 933 853 Euryeiiei
953 774 1027 835 ad
1010 776 1166 853 Episcopus

165 804 398 946 gampanire
340 860 431 926 Nilut
447 860 585 944 prosectd.

557 1031 770 1092 SPONSble.

123 1205 126 1209 ’
172 1201 175 1205 ’
205 1202 235 1263 Si
250 1201 391 1263 alteruter
403 1217 440 1260 ex
455 1199 567 1277 sponsis
581 1217 612 1258 se
627 1198 663 1257 ad
689 1198 758 1256 alias
775 1209 874 1277 partes
898 1188 1168 1271 transieratinscio

54 1322 57 1327 ·
167 1285 280 1354 altero,
296 1282 499 1345 admonendus
514 1293 558 1343 est
577 1282 714 1361 superior
733 1284 961 1352 ecclesiasticus,
988 1286 1038 1363 qui
1054 1292 1168 1359 tempas

168 1377 269 1448 uptam
282 1368 408 1446 assignet
424 1366 554 1436 absenti,
569 1375 603 1426 nt
619 1368 735 1434 redeat,
750 1386 809 1445 quo
828 1367 926 1446 elapso
937 1367 962 1427 si
978 1384 1037 1427 non
1049 1376 1166 1445 pareat,

168 1451 510 1513 vinculumdissolvitur.
522 1451 594 1510 lnst.
610 1450 687 1510 Eccl.
699 1452 748 1510 tt.
763 1471 794 1512 n.
809 1454 839 1512 6.

206 1535 354 1614 sponsalia
375 1533 417 1594 dc
442 1534 543 1594 iuturo
561 1534 632 1593 inita
649 1534 758 1612 absque
777 1535 930 1614 praesentia
955 1531 1097 1612 parochi,
1120 1535 1167 1609 tel

167 1620 276 1721 absque
288 1619 431 1696 scriptura
447 1617 545 1678 val6re
563 1635 680 1703 semper
696 1621 938 1698 pronuntiavitS.
952 1606 1142 1696 congregatio
1158 1662 1166 1691 ,

168 1701 235 1771 ciem
246 1701 453 1802 Tridcptinom
471 1700 587 1762 tantiam
598 1696 764 1762 aboleverit
778 1704 863 1762 urata
856 1721 962 1763 amoma
980 1701 1166 1761 clandestina.

169 1789 268 1851 Priora
285 1784 355 1845 verb
369 1787 513 1863 sponsalia
531 1786 618 1846 etiam
640 1804 700 1845 non
721 1785 840 1866 jurata,
860 1787 947 1847 etiam
974 1787 1036 1845 sine
1064 1785 1168 1862 eopuld

169 1870 331 1949 prevalent
353 1869 488 1931 secundis
505 1870 707 1947 sponsalibus,
719 1872 805 1929 etiarn
813 1870 941 1947 juratis,
955 1878 985 1929 et
998 1870 1086 1931 etiam
1100 1887 1167 1931 curu

168 1954 288 2033 cupuli,
308 1963 342 2014 nt
354 1972 390 2017 ex
412 1955 640 2014 communibit.
659 1955 730 2013 inst
746 1956 853 2015 Eccles.
866 1956 915 2016 66.
935 1973 966 2014 u.
978 1956 1009 2015 8.

207 2039 357 2135 sponsalia
382 2036 453 2099 inita
491 2038 591 2098 inritis
621 2039 813 2118 parentibus,
841 2057 1019 2118 quamquam
1044 2024 1169 2115 judicari

170 2122 281 2200 possint
296 2122 404 2198 valida,
425 2123 526 2187 illicita
539 2130 608 2182 sunt
621 2131 739 2193 tamen,
752 2133 783 2184 et
796 2123 909 2186 detecto
921 2123 1051 2183 dissensu
1064 2141 1170 2203 paren-

124 2242 127 2249 ·
171 2215 233 2281 tum
247 2206 320 2267 solvi
334 2216 475 2283 possunt,
493 2207 605 2266 etiamsi
622 2205 722 2283 jurata
741 2208 818 2278 sint,
844 2208 950 2285 quod
941 2208 1049 2268 invicte
1066 2208 1170 2284 probat

169 2286 409 2368 Arelricpiscopus
431 2291 618 2350 Rossanensis
640 2293 679 2350 D.
705 2288 890 2352 Mucrettolio
917 2292 947 2350 in
968 2291 1170 2350 dissertatione

168 2372 331 2453 legenddin
348 2383 422 2433 tom.
437 2375 462 2432 i.
476 2370 707 2452 OperumZouti
715 2375 751 2433 ad
761 2377 1034 2434 statutaFoventiae
1046 2375 1088 2432 ib.
1100 2392 1128 2432 n
1137 2376 1168 2434 8

208 2457 356 2535 sponsalia
376 2456 485 2534 absque
512 2459 627 2517 interna
652 2458 802 2518 voluntate
823 2458 985 2535 exequendi
1004 2457 1168 2557 promissa,

170 2541 294 2603 dubium
315 2551 359 2602 est
371 2559 408 2600 an
430 2542 582 2620 obligent3
597 2551 641 2602 est
662 2550 760 2602 tanuen
779 2560 868 2621 grave
886 2545 1088 2621 peccatumsic
1085 2562 1173 2660 pro·

76 2698 81 2705 ¹
171 2626 300 2699 mittere.
316 2624 437 2691 lbid.n.

209 2710 313 2770 Oscula
332 2710 370 2773 ob
386 2708 607 2772 delectationem
624 2710 769 2773 carnalem
783 2719 813 2772 et
824 2711 984 2773 sensualem
995 2709 1098 2787 ,juata
1111 2720 1171 2772 ter-

171 2795 267 2870 minos
285 2796 496 2874 propositionis
506 2797 567 2856 to'
559 2805 637 2857 anter
651 2796 802 2858 damnatas
816 2798 853 2857 ab
865 2792 949 2855 Ales.
965 2796 1035 2855 Vll.
1047 2796 1085 2856 ob
1094 2800 1172 2874 pari·
1194 2866 1196 2873 Ι

172 2887 262 2950 tatem
278 2879 400 2947 rationis
413 2896 509 2957 neque
522 2881 601 2939 inter
609 2898 732 2958 sponsos
746 2880 824 2940 licita
837 2887 917 2939 sunt.
936 2879 981 2939 ib
996 2897 1026 2939 n.
1045 2880 1093 2939 18.

191 2961 357 3061 Sponsus,
381 2964 432 3040 qui
454 2980 590 3041 sponsam
607 2964 724 3024 seduxit
748 2963 784 3027 ad
809 2965 965 3042 copulam,
989 2981 1048 3024 non
1077 2970 1171 3040 potest

172 3047 272 3125 pauniri
288 3048 373 3125 poend
396 3049 490 3132 stupri
506 3048 545 3107 ob
566 3047 721 3126 aliquod
709 3067 779 3126 Jus,
805 3048 884 3128 quod
907 3047 1024 3123 babet
1016 3067 1048 3109 ιιι
1066 3066 1173 3127 corpas

172 3131 269 3202 illius,
288 3140 322 3191 ut
334 3148 370 3191 ex
381 3122 460 3191 decr
479 3131 508 3192 S
521 3135 627 3211 congr
646 3134 724 3212 apud
741 3135 815 3215 Fop.
831 3133 908 3192 inid.
923 3151 954 3192 n.
971 3120 1015 3192 i6.

211 3215 369 3276 Promissio
382 3215 419 3276 de
428 3217 564 3293 presenti
575 3217 624 3276 abs
613 3236 684 3295 que
700 3218 853 3296 preserttid
866 3215 985 3296 parochi
999 3225 1028 3276 ct
1040 3215 1172 3284 testium,

173 3316 269 3378 neque
287 3298 363 3360 valet
390 3303 505 3360 ratione
528 3294 729 3373 matrimonii,
754 3319 850 3380 neque
866 3301 1066 3379 sponsalium,
1084 3309 1117 3360 nt
1137 3318 1174 3359 ex

172 3382 308 3461 plumbus
322 3381 490 3447 decretos.
502 3385 755 3465 congregationis
766 3386 842 3448 ibid.
867 3402 899 3444 n.
916 3385 1011 3444 66.
