2642 4167
628 140 646 181 „Q

352 438 355 443 ,
383 383 598 447 cnrtrututt
610 382 664 444 xl.
675 382 722 443 Er
738 376 922 441 ntrrnun.

188 623 257 684 227.
266 559 355 684 Nou
369 618 451 679 adest
463 617 614 679 charitatis
629 633 705 698 opus
719 616 813 693 magis
828 616 890 674 Deo
905 619 1057 692 acceptum
1071 658 1079 688 ,
1093 633 1156 676 ma·

149 707 253 785 gisque
267 704 304 764 ad
329 705 496 764 animarum
512 704 638 764 salutem
658 701 846 774 conducens,
868 697 956 776 quim
977 700 1009 758 in
1026 709 1158 760 extremo

149 792 221 849 vitae
240 787 373 866 periculo
395 788 505 866 positos
526 787 562 846 ad
586 784 686 847 sancte
701 784 889 844 moriendum
904 781 1043 858 adjuvare
1059 804 1069 857 3
1088 800 1158 842 nem

150 882 287 952 tempore
305 872 410 932 mortis
434 870 463 949 (l
486 889 543 948 qua
565 868 799 945 uniuscnjusque
822 877 930 927 eterna
954 867 1013 924 uita
1037 865 1158 945 pendet)

150 958 262 1017 inlerni
271 958 349 1015 vires
356 955 492 1016 fortiores
504 964 573 1014 suat
585 999 593 1025 ‚
605 952 792 1013 infirmorum
803 950 875 1012 vend
889 950 1056 1011 debiliores.
1067 953 1158 1021 Deus,

149 1051 184 1101 nt
198 1042 400 1100 manifestaret
413 1039 501 1116 qudm
524 1048 637 1116 gratam
657 1036 746 1096 hebet
766 1037 961 1096 assistentiam
974 1035 1160 1097 moribundis

149 1124 315 1202 praestitam
327 1167 336 1193 ,
349 1123 499 1182 multoties
511 1123 542 1182 S.
560 1118 703 1201 Philippo
718 1121 808 1181 Nerio
820 1119 948 1179 ostendit
963 1121 1081 1200 angelos
1093 1120 1161 1182 reli·

149 1208 240 1286 glosis
256 1206 444 1266 infirmorum
456 1205 600 1265 ministris
615 1205 703 1263 verba
715 1203 945 1282 suppeditantes.

189 1292 260 1352 228.
275 1294 336 1352 Nec
354 1291 384 1351 id
399 1288 593 1368 parochorum
611 1286 727 1349 tantiam
747 1307 855 1348 munus
875 1297 937 1357 est,
957 1288 994 1350 od
1011 1290 1161 1368 quosani·

150 1393 272 1435 marum
285 1393 356 1434 cura
373 1392 409 1435 cx
420 1374 517 1435 officio
535 1374 683 1452 pertinet,
697 1373 747 1432 sed
766 1374 899 1433 omnium
921 1374 1010 1434 ctiam
1026 1376 1161 1436 sacerdo·

56 1514 60 1521 .
150 1469 230 1518 tum.
244 1462 288 1518 Do
297 1457 432 1537 parochis
446 1466 544 1517 tamen
556 1458 681 1517 Ritualis
692 1450 841 1518 Romanus
850 1459 1014 1534 presertim
1025 1458 1161 1535 loquens,

150 1543 195 1602 ait
219 1543 399 1620 proecipuam
417 1543 537 1600 illorum
564 1542 696 1600 muneris
725 1551 839 1619 partem
869 1559 932 1600 esse
956 1543 1162 1617 egrotantiom

151 1643 256 1686 euram
270 1625 399 1686 habere:
419 1632 599 1703 quapropter
615 1626 700 1694 vult,
723 1634 758 1684 ut
775 1625 853 1701 ipsi,
868 1624 1015 1683 statimne
1033 1625 1163 1702 aliquem

151 1727 190 1769 ex
201 1710 261 1769 suis
275 1709 460 1789 parochianis
474 1706 617 1787 aegrotare
632 1709 804 1784 intelligunt
818 1750 826 1777 ,
848 1725 907 1766 non
929 1716 1104 1783 expectent,
1128 1716 1164 1770 ut

151 1792 293 1853 infirmus
306 1793 467 1872 parorhum
493 1801 639 1864 accersat,
660 1793 713 1852 sed
735 1794 799 1869 ipse
824 1789 968 1869 parochus
993 1791 1073 1851 ultrli
1093 1810 1163 1855 eum

152 1876 284 1937 invisere
309 1884 413 1952 cuneta
429 1877 519 1955 idque
536 1895 596 1937 non
623 1877 715 1937 semel
734 1874 870 1946 tantum,
890 1874 940 1934 sed
959 1875 1161 1953 frequentius,

154 1962 179 2021 si
192 1961 351 2020 infirmum
368 1962 457 2021 etiam
470 1962 576 2042 spiritu
592 1971 735 2041 aegrotare
751 1961 887 2021 advertit.
901 1959 1021 2034 Quodsi
1032 1960 1164 2041 legitimd

154 2044 194 2104 sit
207 2046 392 2124 impeditus,
407 2046 438 2105 id
459 2047 563 2106 saltem
586 2045 785 2124 praestandum
805 2045 972 2124 providebit
990 2064 1044 2123 per
1071 2046 1165 2107 alium

154 2129 357 2205 sacerdotem,
382 2127 472 2189 modd
494 2127 543 2188 hic
561 2130 599 2188 sit
624 2129 710 2207 pius,
728 2138 759 2189 et
774 2130 924 2207 prudens;
941 2131 1063 2207 quidem
1082 2135 1165 2191 enim

155 2212 337 2283 sacerdotes,
366 2210 423 2272 hoc
449 2231 558 2273 munus
584 2213 766 2284 exercendo,
788 2216 880 2292 magis
904 2212 993 2292 quim
1019 2215 1163 2287 utilitati,

156 2295 266 2355 damno
289 2313 351 2355 esse
366 2297 481 2368 solent,
499 2306 559 2356 lam
571 2297 718 2368 infirmis,
735 2296 824 2375 quim
838 2299 914 2373 sibi,
933 2307 964 2358 et
976 2297 1166 2360 infirmorum

157 2378 343 2455 domesticis,
364 2398 492 2456 quorum
504 2382 666 2460 proiectum
678 2382 811 2442 sacerdos
825 2384 961 2442 assistens
970 2381 1058 2439 etiam
1072 2382 1166 2457 respi-

157 2479 223 2522 cere
241 2461 343 2522 dehet.
361 2465 460 2523 lllonet
480 2465 602 2543 insuper
630 2467 771 2537 Ritualis,
793 2464 873 2542 qndd
895 2465 919 2523 si
939 2461 1073 2523 sacerdos
1091 2463 1166 2524 lortd

157 2547 289 2613 deesset,
309 2547 340 2606 id
357 2546 501 2624 parochus
519 2549 719 2626 praestandum
734 2548 960 2608 eurabitsaltem
973 2563 1026 2622 per
1036 2546 1166 2623 aliquem

157 2627 268 2688 laicum
289 2630 374 2707 pium
398 2640 427 2690 et
442 2629 601 2691 christiana
622 2630 766 2691 charitate
789 2630 948 2706 preditum
961 2669 971 2700 ,
986 2629 1038 2706 qui
1059 2630 1168 2693 sanetis

157 2713 259 2773 verbis
272 2713 392 2774 infirmo
404 2714 512 2793 proestd
525 2717 574 2775 sit.
946 2720 951 2728 '

334 2888 362 2969 S.
379 2891 405 2950 Ι.
420 2893 540 2953 Manita
552 2891 594 2953 ad
609 2888 788 2955 soeudotem
800 2888 993 2952 assistentem.

199 3056 269 3118 229.
281 3059 306 3116 l.
319 3057 458 3119 Sacerdos
471 3059 546 3119 clam
568 3069 707 3138 procuret
723 3059 739 3120 d
754 3060 867 3121 medico
881 3061 974 3135 scire,
994 3079 1032 3121 an
1048 3060 1171 3123 infirmi·

163 3147 207 3199 tas
227 3142 267 3199 sit
278 3142 424 3201 mortalis.
439 3143 512 3202 Dico
523 3139 619 3220 elatu,
634 3146 702 3222 qnia
716 3145 894 3206 detestabilis
904 3163 973 3204 usus
988 3145 1171 3207 medicomm

163 3229 207 3284 cst
225 3233 352 3301 egrotos
363 3225 517 3305 decipere,
532 3245 571 3287 ne
583 3226 632 3287 cos
649 3238 679 3288 et
692 3232 875 3308 propinquos
890 3230 1081 3300 contristent,
1096 3228 1171 3307 pend

164 3323 197 3367 oe
212 3307 237 3365 si
249 3307 603 3387 infirmis-obligationem
623 3312 761 3373 intimare
779 3313 967 3374 consessionis
979 3313 1078 3393 (quam
1093 3357 1101 3387 ‚
1123 3332 1172 3373 eo·

165 3391 247 3467 gnita
260 3392 413 3469 periculo,
433 3395 492 3457 illis
507 3396 662 3473 imponere
677 3397 816 3476 dehent),
834 3398 913 3458 idem
937 3399 976 3459 sit
991 3417 1024 3457 ae
1047 3408 1173 3460 mortem

166 3473 354 3536 denuntiare.

204 3559 275 3620 250.
291 3559 330 3618 11.
344 3560 369 3619 Α
381 3560 564 3640 conjunctis,
586 3564 704 3637 amieis,
721 3581 836 3625 necnon
849 3564 886 3625 ab
910 3567 1033 3644 ipsomet
1046 3578 1172 3647 oegroto,

972 3654 1019 3710 tt.
