2642 4167
197 142 258 201 nte·
395 138 531 220 Epitoiuo
544 137 683 199 doctrino
696 134 816 199 niorolis
825 145 851 196 et
863 135 1008 199 (ettoniae

560 324 832 384 continuatio.

234 496 492 558 condennationem
509 502 724 555 sacromentum
745 509 809 552 esse
824 508 908 550 novoe
921 492 993 569 legis
1006 500 1117 554 constat
1138 494 1199 556 tirm

194 601 230 642 cx
241 581 412 641 delinitione
429 581 562 642 Trident.
576 597 644 640 sess.
660 580 691 639 7.
706 596 771 639 ean.
787 579 816 637 l.
832 574 898 636 cinn
913 596 948 637 cx
959 580 1085 653 dotunm
1097 580 1127 639 8.
1140 580 1201 658 illia

194 667 294 727 verbis
311 688 319 725 ι
342 667 537 746 Itnponebont
555 682 662 724 nioitne
679 682 767 745 super
787 659 873 735 illoc,
890 670 919 722 et
937 661 1117 741 accipiebant
1135 665 1201 746 Spi-

194 752 286 813 ritum
295 753 446 812 Sotntnni.
460 751 555 811 instit.
568 751 674 810 Eccles.
686 751 716 810 6.
729 768 761 808 ιι.
771 749 802 808 5.
908 751 914 760 ’

232 853 451 912 Sacramentum
463 849 520 911 hoe
531 849 709 910 coniicitur
702 848 887 926 impositione
898 866 1040 909 monitum
1052 849 1198 948 Episcopi,

194 944 224 999 ct
241 955 337 1015 prece.
354 935 547 1010 Quandunum
571 935 671 994 illud
663 953 708 994 ιιι
696 934 824 993 t·ituerit
843 932 927 993 Chris
915 942 999 1009 ιιι,
1020 934 1072 1010 qui
1099 934 1200 996 unicus

193 1022 237 1082 eet
262 1030 365 1081 auctor
387 1027 659 1091 sacramentorum,
689 1020 859 1089 incertum,
876 1016 950 1078 niun
970 1028 1041 1078 tune
1061 1016 1131 1078 cum
1144 1021 1199 1080 im·

193 1108 292 1184 posuit
309 1124 414 1167 manns
434 1106 525 1184 enp'ni
550 1122 729 1203 puerorum,
747 1101 851 1162 naith.
867 1105 928 1173 ll),
953 1101 1027 1162 ιιὺιιι
1042 1103 1200 1165 instituerit

195 1188 329 1257 tanttim,
349 1208 410 1250 non
425 1191 656 1250 ministraverita
677 1185 749 1247 nbtn
772 1188 802 1245 in
821 1186 1033 1261 ultinrdeoenm
1049 1185 1201 1247 cumdixit

193 1274 340 1352 Apostolis
363 1294 371 1333 ι
395 1274 520 1353 Accipite
542 1270 689 1354 Spiritum
710 1272 876 1347 Sanctum,-
898 1268 972 1330 mim
995 1270 1115 1331 taudem
1140 1272 1200 1350 ipse

195 1359 377 1420 Pentecostes
392 1359 461 1430 die
478 1377 571 1436 ignor
564 1368 641 1417 itur
657 1357 703 1416 lb.
720 1375 751 1415 ιι.
767 1357 797 1414 b'.

233 1461 417 1559 Quamquam
442 1460 534 1538 gretia
551 1459 784 1557 prodigiorum,
803 1474 892 1535 quam
914 1457 986 1517 olim
1009 1458 1200 1533 infundebat,

194 1544 283 1606 modo
307 1546 451 1616 cessarit,
476 1544 506 1604 id
536 1562 596 1604 non
620 1538 748 1620 amplius
770 1544 904 1617 exigente
930 1543 1079 1613 Ecclesia,
1102 1546 1203 1622 gratim

194 1639 293 1690 tamen
308 1629 515 1690 sanctificantis
524 1629 635 1689 donum
649 1625 737 1688 ιιιοιΙὸ
752 1639 862 1705 pariter
874 1627 981 1698 datur,
992 1630 1024 1687 S.
1039 1625 1204 1709 Aitpmtino

195 1726 288 1788 teste,
308 1715 345 1775 de
364 1717 446 1794 Bnpt.
462 1715 482 1774 l.
500 1716 529 1775 5.
551 1734 577 1775 ι.
592 1717 640 1774 to.
656 1714 728 1786 Quae
748 1723 845 1771 tumen
871 1713 964 1789 gratia
986 1723 1203 1772 sacramentnm

194 1801 403 1879 recipientibus
425 1811 523 1862 amoto
548 1801 658 1879 peccati
679 1798 761 1858 obice
783 1798 954 1869 confertur,
983 1807 1017 1856 nt
1045 1797 1084 1856 sit
1106 1795 1204 1874 potitis

193 1887 294 1963 gratiae
316 1886 505 1964 praecedentis
527 1893 732 1962 augmentum.
763 1881 904 1943 Producit
933 1882 1024 1941 etiam
1055 1882 1205 1942 roboret

193 1970 365 2030 firmitatem
384 1970 541 2048 quemdum
561 1968 761 2047 spiritualium
787 1967 917 2042 virium,
941 1967 1050 2044 quibus
1084 1966 1204 2026 diabolo

195 2057 374 2116 resistamus.
391 2057 436 2115 lb.
449 2072 480 2114 n.
491 2057 522 2116 7.

232 2155 364 2216 Tandem
396 2152 592 2214 cliniacterem
616 2155 763 2231 imprimit
794 2152 1010 2225 indelebilem,
1033 2171 1092 2231 quo
1115 2153 1233 2216 datur

194 2250 319 2321 potestas
330 2239 462 2316 quaedam
478 2240 638 2316 spiritualis
652 2241 683 2299 in
697 2239 801 2299 ordine
814 2239 851 2299 ad
865 2239 962 2316 aliqua
974 2237 1101 2318 gerenda
1114 2282 1123 2309 ,
1135 2258 1209 2317 quae

192 2325 209 2387 a
228 2324 449 2469 perleptliorrilbup
468 2323 579 2404 agenda
599 2334 679 2384 sunt.
703 2327 746 2384 Ex
766 2323 900 2400 qualit,
924 2332 959 2384 ut
986 2323 1119 2383 reiterari
1140 2320 1211 2384 non

194 2418 301 2491 potest.
354 2451 360 2466 .
404 2451 411 2466 .
452 2451 461 2470 .

230 2511 436 2576 Necessitatem
450 2528 539 2590 quoni
559 2517 666 2570 vocant
683 2511 847 2570 absolutam
858 2509 948 2587 hujus
966 2510 1139 2570 sacramenti
1155 2529 1214 2572 re·

192 2598 317 2678 cipiendi
340 2614 428 2656 nemo
451 2597 553 2673 utique
572 2613 634 2655 esse
657 2596 848 2655 affirmaverit
866 2617 875 2671 3
898 2594 949 2654 sed
966 2595 1014 2654 rel
1036 2594 1067 2653 in
1083 2612 1138 2665 re,
1157 2598 1214 2659 vel

192 2689 305 2746 involo
319 2679 404 2758 plane
415 2680 608 2740 necessarium
621 2690 663 2739 est
675 2681 842 2739 necessitate
858 2682 1016 2759 praecepti,
1032 2689 1062 2738 et
1081 2679 1216 2756 quidem

192 2767 306 2840 divini,
336 2774 469 2842 tempore
496 2766 719 2842 persecutionis.
739 2767 841 2842 Neque
864 2763 1001 2843 parochi,
1030 2781 1125 2841 neque
1153 2784 1217 2843 pa·

192 2861 309 2921 rentes,
330 2866 384 2908 nce
397 2849 447 2925 qni
462 2857 532 2906 sunt
547 2849 611 2908 loco
624 2859 803 2928 parentum,
817 2858 886 2909 sunt
900 2847 1048 2906 eximendi
1067 2846 1084 2906 a
1101 2847 1217 2910 lethali

192 2938 278 3015 ctrlpd
303 2936 326 2995 si
351 2953 412 2993 non
431 2934 560 3004 instent,
589 2944 622 2993 ut
643 2934 766 3010 subjecti
792 2935 846 2994 sibi
867 2932 1057 3012 parochiani,
1074 2941 1103 2992 et
1125 2950 1219 3009 quos

192 3021 301 3081 hubent
320 3018 482 3097 subjectos,
507 3017 763 3079 confirmationem
778 3019 814 3080 ab
838 3021 980 3100 Episcopo
1001 3027 1102 3095 parato
1124 3019 1219 3079 reci·

191 3110 284 3187 piant.
300 3105 376 3165 lbid.
395 3123 426 3163 n.
443 3105 472 3163 9.
498 3106 589 3164 ctl0.

228 3206 330 3280 Quoad
350 3214 464 3264 aetatem
483 3202 762 3282 chrismandornm,
785 3223 821 3267 ex
838 3206 940 3283 reguli
960 3206 1110 3268 ordinarii
1129 3227 1222 3270 con·

189 3293 345 3352 serendum
366 3299 409 3350 est
426 3287 481 3349 boc
499 3299 713 3350 sacramentnm
735 3291 834 3369 pueris
848 3301 913 3368 post
926 3294 1111 3369 septennium
1125 3314 1140 3369 3
1157 3294 1223 3356 sed

191 3375 222 3434 in
241 3375 340 3452 aliquo
361 3375 576 3434 extrordinario
593 3393 661 3434 cusu
682 3375 761 3452 justa
787 3386 910 3453 urgente
934 3379 1039 3449 cansa,
1064 3395 1125 3438 non
1158 3398 1223 3440 vc·

190 3466 269 3516 tatur
281 3501 289 3527 ,
303 3459 376 3534 quin
395 3460 485 3536 possit
499 3459 586 3518 etium
599 3468 669 3533 ante
681 3478 746 3520 eam
762 3469 879 3522 aetatem
898 3461 1070 3539 ministrari.
1085 3464 1223 3526 iustam
1296 3504 1297 3507 =

190 3556 303 3598 eausam
317 3541 416 3600 adesse
428 3551 560 3615 constat,
582 3543 606 3602 si
628 3543 720 3605 facilis
733 3545 769 3604 ad
787 3563 894 3623 pueros
915 3546 980 3606 illos
1002 3548 1032 3606 in
1045 3548 1222 3625 posterum
