2642 4167
362 250 365 257 ·
391 236 442 297 Es
456 235 593 317 operibus
602 234 752 296 IIcucdicii
761 235 851 297 XIV.
1065 236 1122 295 545

161 340 193 401 Si
213 338 279 417 quis
297 337 440 399 dIuturno
451 340 520 398 sotis
533 345 667 415 tompore
679 338 801 415 negligit
817 337 922 397 clieere
935 344 1015 396 octos
1027 335 1120 410 Fidei,

125 424 192 502 Spei
210 431 241 484 ct
254 421 427 491 Charitatis,
442 422 528 482 illum
545 423 656 483 versari
681 423 714 481 in
732 421 862 500 periculo
886 429 1003 480 ueterum
1020 419 1123 479 salutis

122 508 268 569 firmatur.
284 505 361 566 Ibid.
376 523 408 565 n.
426 507 476 566 at.

97 588 99 593 ⁴
157 592 226 652 Non
248 588 316 649 licet
331 586 504 649 Christianis
523 585 700 666 degentibus
722 586 778 649 sub
791 589 954 649 rarorum
975 587 1122 665 imperio,

119 673 167 734 rei
180 672 355 750 Turcis,qui
372 672 482 732 ibidem
494 682 612 753 agentes
624 681 837 732 convertuntur
852 673 888 731 od
899 672 1000 742 fidem,
1014 672 1124 730 turcico
1195 680 1197 685 '

119 756 176 816 sibi
187 757 321 827 nomina,
337 756 384 815 vel
400 756 546 831 renuere,
567 756 614 815 vel
637 757 810 834 imponere3
825 755 880 815 boc
892 756 972 815 enim
996 755 1125 832 pertinet

120 841 156 900 od
171 850 322 901 externam
342 840 412 901 fidei
436 840 667 916 professionem,
689 841 814 899 constit.
833 841 919 900 Inter
931 837 1123 916 senectutem,

119 923 156 984 ad
177 924 286 983 iucoIas
302 925 386 1001 regni
400 925 524 992 Servio,
551 933 580 983 et
596 924 791 983 finitimorum
807 925 962 999 regionum
977 944 985 980 ι
1001 930 1031 980 et
1049 918 1125 979 Con·

119 1008 253 1085 progatio
270 1008 443 1067 uniuersalis
467 1007 669 1084 Inquisitionis
696 1007 728 1065 in
753 1009 895 1085 rescripto
919 1007 957 1064 ud
982 1004 1126 1084 postulata

119 1091 332 1167 Episcoporum
346 1090 555 1150 Albaneusium
573 1091 652 1150 idem
665 1090 766 1149 edixit.
784 1092 827 1151 De
839 1092 910 1168 Syn.
931 1089 1022 1151 Ditec.
1038 1088 1061 1148 1.
1076 1088 1123 1147 15.

121 1190 149 1232 e.
161 1175 212 1233 20.
226 1192 257 1232 u.
270 1175 301 1232 9.

100 1281 102 1285 ⁷
160 1254 318 1315 Christiani
347 1255 384 1315 ad
413 1256 522 1317 'Iurcas
543 1262 753 1334 apostatantes,
774 1255 880 1316 deinde
908 1250 1064 1315 redeuntes
1088 1253 1125 1312 od

119 1340 231 1411 fidem,
246 1348 384 1399 tenentur
394 1358 492 1398 eoram
505 1339 640 1398 fidelibus
652 1340 770 1419 publice
785 1340 920 1417 abjurare
933 1337 1123 1415 apostasiam:

121 1433 152 1482 ot
172 1441 270 1482 eoram
292 1423 458 1482 infidelibus
475 1441 535 1482 non
561 1434 604 1483 est
630 1424 843 1501 necessarium,
872 1424 923 1484 sed
940 1421 1073 1490 ‘'sufficit,
1093 1427 1127 1478 ut

121 1524 224 1567 coram
236 1506 305 1584 ipsis
321 1507 486 1565 abstineant
503 1508 667 1566 enantibus
688 1507 888 1576 infidelitatis,
909 1507 1058 1582 deponant
1076 1519 1127 1560 ve·

120 1600 198 1651 stem
217 1592 437 1668 protestativam
459 1591 537 1651 salsae
559 1594 731 1670 reIIgionis3
753 1602 782 1651 et
803 1600 924 1658 curent,
942 1595 976 1646 ut
995 1602 1126 1647 successu

121 1675 409 1753 temporisiniideics
432 1686 588 1751 agnoscant
609 1676 655 1734 rel
674 1677 710 1734 ab
732 1674 877 1754 ipsis‚vel
891 1672 928 1731 ob
941 1671 1006 1730 aliis
1022 1686 1126 1727 eorum

121 1759 340 1839 abjurationem
355 1759 443 1819 etiem
457 1776 523 1817 cum
542 1761 673 1838 periculo
689 1762 769 1817 vitoe.
783 1760 825 1817 lta
839 1775 873 1817 ex
886 1759 970 1814 Dece.
983 1755 1013 1812 S.
1025 1751 1126 1827 Inqui-

119 1844 248 1904 sitionis.
261 1841 335 1901 ibid.
350 1860 382 1900 n.
395 1843 444 1901 17.
454 1845 490 1901 At
501 1845 529 1901 in
543 1845 658 1903 decreto
674 1851 789 1902 servato
801 1839 968 1902 inorcbirio
980 1839 1011 1896 S.
1027 1834 1128 1911 Inqui-

118 1927 239 1988 sitionis
262 1943 322 1986 non
347 1926 454 2004 legitor
474 1925 530 1986 hoo
548 1928 796 2000 additamentum,
817 1932 934 1989 curent,
948 1929 980 1981 ut
998 1934 1127 1981 successo

120 2006 284 2152 {empitffi
301 2016 472 2153 mssquaoe
486 2011 522 2069 ad
537 2012 567 2070 id
585 2030 646 2071 non
674 2029 736 2071 csse
752 2009 922 2088 cbIIgandos
935 2006 1034 2066 fideles
1045 2001 1127 2063 oddi-

136 2108 189 2152 trr.
269 2110 321 2153 .u.
375 2134 383 2153 .

566 2207 695 2265 GRAECI.

165 2350 259 2412 Graeci
273 2353 304 2411 in
324 2353 405 2413 tratis
421 2354 559 2432 degentes
577 2357 713 2414 ordinem
737 2355 884 2432 suscipere
904 2370 963 2412 non
989 2355 1127 2429 possunt,

121 2438 184 2499 nisi
197 2438 234 2496 ob
243 2437 382 2514 Episcopo
394 2440 493 2499 Grceco
508 2446 603 2500 bornae
615 2441 793 2508 constituto,
812 2440 873 2497 sire
883 2439 919 2495 ab
929 2438 1019 2494 altero
1030 2435 1129 2491 Graeoo

121 2521 270 2600 Episcopo
287 2521 318 2579 In
338 2522 469 2582 dolabris
490 2524 520 2582 Iu
538 2525 645 2600 oppido
663 2525 692 2582 S.
708 2521 856 2580 Benedicti
882 2520 978 2578 Uiboui
996 2516 1129 2576 Bisimie-

122 2603 228 2663 nensis
242 2602 394 2679 dioeeesis,
412 2614 445 2665 ut
460 2626 495 2665 cx
508 2609 630 2666 Constit.
644 2604 732 2667 cient.
751 2606 841 2665 VIII.
858 2605 907 2662 db.
920 2619 1008 2678 quam
1029 2607 1058 2658 et
1071 2601 1129 2657 Be-

122 2685 262 2748 nedictus
270 2689 361 2749 XIV.
376 2690 560 2750 confirmarit
571 2691 651 2751 botis
667 2694 714 2750 57.
723 2691 767 2748 De
780 2688 850 2765 Syn.
862 2687 955 2745 Dioec.
969 2685 991 2742 l.
1003 2685 1033 2742 2.
1045 2700 1070 2740 e.
1081 2683 1128 2739 ta.

163 2771 352 2846 Quamquam
366 2772 436 2833 verb
452 2774 577 2834 babeant
594 2775 751 2852 aliquando
767 2773 897 2831 Vicarios
910 2785 977 2826 suos
993 2765 1130 2842 apostoli-

122 2870 176 2912 eos
196 2870 233 2912 er
246 2854 357 2913 Grecis
368 2858 543 2932 asstmatos,
558 2858 652 2918 adhuc
669 2867 767 2918 tamen
781 2853 978 2921 citronius,
992 2860 1022 2909 et
1035 2849 1129 2907 ceteri

123 2938 411 3079 (irreciuiuhnImodb
422 2941 619 3017 jurisdictioni
638 2945 809 3004 Letiuorutn
830 2940 1040 3018 Episcoporum
1062 2931 1132 2989 sub·
1175 2964 1178 2967 -

125 3029 212 3079 sunt.
228 3022 240 3078 I
262 3021 277 3078 i
297 3062 305 3078 .
321 3039 352 3080 n.
365 3024 394 3083 8.

165 3104 261 3163 Graeci
275 3122 335 3164 non
348 3115 487 3169 tenentur
500 3111 530 3170 in
542 3109 682 3188 symbolo
697 3107 891 3187 pronuntiare
902 3106 922 3164 d
936 3105 1026 3164 Patre
1038 3097 1130 3160 Fiit'e-

123 3204 205 3266 que,
221 3206 400 3267 quamquam
420 3194 449 3253 id
470 3195 595 3254 debeant
618 3194 747 3253 eredere.
771 3193 826 3251 Ubi
845 3202 944 3250 tamen
964 3187 1042 3264 viget
1064 3203 1133 3244 con·

123 3270 277 3342 suetudo,
293 3273 370 3334 sicut
384 3280 473 3337 edam
486 3278 503 3338 b
516 3280 623 3338 Graccis
640 3279 672 3336 In
690 3278 923 3354 quibuscumque
933 3272 1023 3331 Italiae
1041 3279 1071 3329 et
1088 3269 1133 3328 in-

123 3353 264 3413 sudatum
283 3356 479 3434 adjacentium
498 3361 667 3440 regionibus
678 3358 947 3423 commorantibus,
962 3357 985 3413 si
999 3354 1036 3411 ab
1048 3354 1134 3413 Ordi-

124 3435 225 3494 nortis
237 3436 370 3502 iocorum
382 3445 422 3504 ob
429 3446 558 3523 aliquam
567 3445 729 3521 legitimum
741 3459 855 3500 causam
868 3439 978 3498 fuerint
990 3438 1135 3513 requisiti,
1164 3450 1166 3452 ·

123 3519 218 3660 ἰιῃωῗ
239 3520 347 3663 εἳᾴονο
366 3529 490 3590 omniuo
513 3536 663 3589 tenentur.
692 3527 759 3584 Haec
786 3523 885 3583 omnio
909 3523 940 3579 in
969 3520 1042 3580 buli.
1066 3518 1137 3579 Etsi

156 3616 195 3660 os
208 3618 259 3661 oro
274 3621 309 3667 rs.
1052 3610 1054 3613 ’
