2642 4167
153 254 209 311 aaa
345 253 480 328 Epa'tome
492 250 632 312 doctrinae
647 248 769 312 encratis
782 259 810 311 ct
823 250 971 311 nanneticae

152 350 282 425 pciminn
299 352 451 427 potuerint
467 370 565 412 conam
586 352 739 428 superiore
756 370 788 410 se
805 352 929 414 sistant.
949 360 981 409 et
1001 367 1106 410 novam
1120 352 1160 410 ab

152 434 210 492 illis
226 434 338 494 casibus
357 444 388 495 et
405 436 534 494 censuris
549 434 765 495 absolutionem
785 436 949 496 obtineant.
963 437 1006 494 lta
1026 451 1063 496 ex
1086 453 1160 494 con-

153 518 248 577 stitut.
263 515 373 578 Bened.
389 519 440 580 XI
445 522 479 580 V.
495 518 581 594 Quod
595 519 762 581 Communi.

478 688 591 748 CASUS
611 689 833 748 absentant.

192 858 348 918 societates
369 857 503 936 quoedam
520 876 557 918 ex
575 859 605 918 vi
623 876 746 918 suornm
769 858 994 936 privilegiorum
1013 875 1072 919 non
1092 880 1160 939 pos·

153 952 222 1002 sunt
247 942 308 1001 ullo
337 944 426 1002 modo
449 944 479 1002 in
505 943 681 1021 quibusdam
703 943 772 1001 anni
793 943 1027 1001 solemnitatibus
1051 945 1159 1021 aligero

153 1027 208 1085 sibi
223 1025 452 1097 consensuum,
469 1026 484 1085 b
502 1046 562 1105 quo
583 1027 599 1086 b
616 1027 730 1085 casibus
740 1025 881 1103 Episcopo
901 1027 1075 1093 reservans.
1096 1031 1159 1088 sine

153 1111 286 1188 Episcopi
298 1111 433 1179 licentiat,
451 1112 659 1179 absolvantur.
671 1121 704 1170 ut
718 1119 825 1188 pentec
841 1111 999 1170 decisiones
1012 1113 1042 1168 S.
1051 1115 1157 1190 Congu.

152 1194 252 1254 lentant
266 1195 372 1254 lacteae
384 1193 493 1255 Bened.
506 1197 596 1257 XIV.
611 1195 785 1272 incipientes
796 1193 871 1255 Pius
886 1193 997 1255 carnot
1007 1192 1157 1271 fidetiean,

156 1279 257 1338 rotam
269 1278 306 1337 de
319 1277 431 1357 synod.
444 1279 529 1340 dioec.
542 1279 562 1338 l.
577 1280 605 1339 5.
616 1298 642 1338 c.
655 1280 684 1339 5.
700 1298 732 1338 n.
747 1278 778 1336 a.

192 1363 326 1440 Denique
350 1363 517 1423 accedentes
543 1364 574 1422 in
603 1362 737 1422 tantadem
763 1362 798 1422 ad
818 1363 905 1422 oliam
931 1362 1100 1432 diaecesim,
1126 1375 1160 1425 ut

155 1444 377 1505 absolvamini
396 1448 551 1506 reservatis
570 1465 629 1507 suoe
648 1447 800 1520 dimensis,
822 1448 934 1507 absolvi
958 1465 1019 1506 non
1041 1460 1160 1523 possunt

154 1547 190 1588 cx
201 1530 284 1589 Bulltt
303 1527 392 1589 Cleon
403 1533 445 1593 Χ.
459 1534 593 1612 Superata
612 1531 726 1613 aaaopro'.
740 1533 785 1592 lb.

192 1615 353 1674 Canonicns
372 1617 606 1693 poenitoatiaaius
617 1617 647 1675 ai
668 1617 713 1675 sui
737 1617 868 1676 muneris
885 1617 998 1677 nnllam
1014 1615 1104 1677 habet
1118 1619 1160 1677 la-

155 1697 292 1758 cultatem
312 1698 480 1759 absolvendi
502 1697 519 1757 b
540 1702 663 1777 poematis
672 1701 813 1779 Episcopo
824 1702 991 1775 reservatis,
1006 1699 1067 1761 uta
1085 1702 1114 1760 S.
1127 1704 1159 1759 (Ξ.

155 1782 277 1841 Consilii
290 1782 420 1845 decisum
432 1785 570 1845 relectae.
582 1786 658 1845 lbid.
671 1804 702 1845 n.
716 1787 745 1845 8.

456 1956 657 2018 CAUSARUM
677 1957 866 2018 tonnano,

194 2118 293 2177 Cansae
316 2132 418 2175 oannes
438 2122 497 2174 tam
520 2116 636 2190 civiles,
659 2115 747 2194 qaabm
770 2117 936 2177 criminales
957 2130 1159 2197 exemptarum

156 2214 348 2279 personarum
370 2199 401 2258 in
425 2200 522 2277 paimd
550 2200 687 2259 instantid
717 2218 816 2260 conam
841 2202 1006 2261 Oedinmiis
1030 2203 1159 2264 locorum

155 2286 307 2345 dumtaxat
329 2285 535 2361 cognoscendae
557 2292 647 2361 sum,
670 2285 763 2342 causis
792 2286 983 2361 privilegiatis
1009 2288 1157 2364 exceptis:

155 2384 251 2447 neque
268 2368 412 2428 committi
433 2375 554 2445 possunt
569 2369 660 2426 ctiam
688 2368 815 2426 auditori
839 2370 967 2430 Caaaacrae
989 2370 1161 2446 Apostolieac

155 2454 213 2512 nisi
233 2468 287 2530 per
306 2453 383 2511 viam
403 2451 541 2529 legitima.
564 2450 778 2529 appellationis.
794 2452 824 2510 Si
844 2463 943 2511 autem
967 2453 1161 2530 pendentibus

155 2537 247 2596 musis
269 2538 299 2595 in
324 2536 419 2612 paimei
444 2536 599 2604 instantia,
625 2537 823 2613 impeta‘cntut·
837 2538 989 2596 citationes
1012 2539 1043 2595 in
1064 2539 1162 2614 signa-

156 2621 222 2680 sara
233 2620 371 2696 justitiae,
386 2617 432 2678 hee
443 2619 562 2696 quidem
574 2620 718 2678 valentad
731 2620 976 2695 comparendum,
991 2622 1038 2680 vol
1052 2621 1163 2679 adeun·

155 2704 223 2762 dam
237 2704 437 2780 signaturam,
452 2721 511 2761 non
523 2701 593 2765 verb
604 2704 640 2762 ad
655 2703 860 2763 acan-danuam
879 2705 1079 2764 executionem
1093 2723 1163 2782 pao·

157 2807 289 2848 aossnum
299 2787 335 2845 ad
348 2788 497 2845 ulteriora.
513 2789 636 2846 Constit.
646 2789 695 2847 l8.
711 2785 757 2845 Aa
768 2785 948 2856 Militantis,
961 2806 992 2846 n.
1001 2790 1049 2847 42.
1060 2799 1090 2847 ct
1099 2807 1161 2869 seq.

195 2875 293 2934 eausa
306 2871 490 2944 beneficiales
503 2869 612 2931 babent
625 2871 852 2948 appellationem
866 2873 1066 2948 suspensivam
1078 2873 1115 2931 ab
1126 2891 1164 2930 co

158 2957 361 3035 interpositam
375 2997 383 3022 ,
399 2954 495 3031 quiin
509 2956 605 3032 paimei
622 2953 758 3015 instantii
771 2955 945 3029 succubuit3
960 2973 1014 3017 nco
1028 2955 1084 3015 uisi
1098 2963 1166 3032 post

156 3042 329 3102 sententiam
343 3038 527 3097 definitivam
547 3038 625 3116 apud
640 3038 745 3098 Sedena
763 3039 958 3114 Apostolieam
971 3039 1034 3099 siae
1046 3040 1077 3097 in
1089 3039 1167 3114 pacti·

157 3125 252 3195 tonio‚
270 3125 332 3183 sivo
350 3125 380 3181 in
404 3123 580 3200 possessorio
599 3131 642 3181 est
661 3123 744 3191 locus
760 3123 984 3196 sequestrationi
998 3121 1162 3183 fructuum.

160 3205 247 3269 Clam.
266 3207 346 3268 unio.
361 3206 395 3267 de
407 3215 545 3285 sequestr.
559 3224 668 3286 posses.
693 3212 722 3264 ct
740 3201 831 3284 semet.
857 3223 952 3282 nequo
970 3207 1056 3265 alites·
1074 3216 1165 3265 statui

158 3303 253 3368 potest
266 3294 297 3351 in
311 3292 431 3371 synodis
451 3291 674 3370 particularium
689 3290 892 3349 Ecclcsiarum.
907 3292 950 3348 lta
970 3292 1001 3348 in
1014 3292 1111 3350 Taact.
1125 3290 1166 3351 dc

157 3380 229 3452 Syn.
243 3376 329 3437 dioee.
344 3377 365 3435 l.
379 3378 427 3435 Η.
440 3395 465 3433 o.
483 3379 507 3434 l.
524 3395 557 3434 n.
570 3379 599 3435 5.

195 3462 294 3519 Causae
315 3477 417 3535 oannes
440 3461 527 3519 etiam
551 3459 668 3532 civiles.
692 3468 722 3518 et
746 3457 783 3517 dc
802 3477 836 3517 ue
859 3459 948 3519 etiam
972 3457 1111 3535 pensanti,
1130 3460 1166 3520 in

158 3538 265 3613 (auibus
283 3543 469 3603 ecclesiastici
491 3550 640 3619 tamqnam
659 3543 703 3601 rei
721 3543 956 3612 conveniuntur,
975 3561 1093 3620 semper
1113 3561 1168 3600 co·

157 3623 416 3692 gnosccndoesunt
438 3626 552 3691 intono
573 3627 783 3697 ecclesiastico,
811 3636 839 3684 et
860 3626 1005 3702 inprimi
1026 3626 1167 3685 instantii
