2642 4167
415 199 440 280 p
455 203 494 259 li.
513 200 598 261 Ce‘rco
611 198 717 260 ataediei
730 197 869 281 officiata.
1111 203 1149 265 tt

138 301 253 364 condar
269 304 372 382 meter
395 318 479 371 mec,
499 298 611 379 adjuva
628 318 674 359 me
688 298 791 371 lodie,
805 303 914 363 celiae
924 319 1036 383 peccem
1054 301 1147 382 (lianc

137 398 235 449 tamen
249 385 457 464 penitentiam
470 392 517 444 ter
528 385 673 444 manner
686 385 892 446 salutationem
905 388 1065 465 angelicam
1078 405 1147 449 eum

136 472 277 550 predicta
288 469 504 548 supplicatione
522 486 577 546 ego
593 466 768 546 plerumque
787 471 891 531 solitus
911 472 953 530 lui
972 471 1145 549 injungere,

133 565 186 614 aut
198 555 303 614 saltem
325 553 478 614 consulere
490 554 526 612 iis
538 595 547 624 ,
561 553 612 630 qui
626 553 661 611 cd
679 553 724 611 uti
738 571 799 613 non
811 555 963 631 solerent).
978 553 1052 614 crim
1062 555 1146 613 cubi·

134 648 199 699 tum
217 639 344 708 iverint,
361 637 459 697 dicere
475 638 507 697 in
524 638 620 697 lecto:
637 637 726 696 Nunc
747 636 824 698 inim
844 636 1023 699 merendum
1040 634 1147 715 suisaet

134 724 169 783 in
184 720 301 802 inferni
318 721 404 802 ipae,
423 729 476 782 ant
496 721 616 781 dicere:
636 719 840 797 Venuleius,
861 741 919 804 quo
938 721 1015 782 mdc·
1036 721 1070 781 in
1093 720 1146 782 icoc

133 804 206 866 lecto
220 805 409 867 cacciaredum
431 808 498 866 em't.
513 807 551 864 lis
573 806 624 883 qui
647 806 745 882 legere
770 806 887 876 sciunt,
907 813 938 866 et
960 803 1144 883 putissimirm

134 890 343 948 Ecclesiasticis
355 932 364 958 ,
377 890 509 967 quotidie
521 890 620 968 legere
633 889 765 965 aliquem
782 890 892 950 librum
903 890 941 950 de
959 890 1071 949 rebuss
1094 890 1145 949 iri·

134 974 264 1031 tualibus
284 981 431 1051 agentem.
450 974 551 1033 Monet
569 981 669 1031 autem
688 973 720 1032 S.
737 972 910 1034 Fraociseae
932 969 1062 1033 Sulcum
1095 974 1145 1032 la·

134 1062 239 1115 atr-art.
258 1055 344 1135 Coos.
357 1075 386 1116 e.
400 1054 443 1132 8.)
468 1075 528 1117 non
544 1074 606 1116 ease
623 1055 806 1133 gravandam
830 1058 1023 1134 paenitentem
1042 1057 1144 1117 multis

135 1139 225 1199 rebus
238 1184 247 1210 ,
261 1159 300 1200 ne
312 1140 511 1200 confundatur
523 1150 553 1200 et
567 1139 708 1199 terreiiat.

173 1225 223 1283 lt.
237 1225 413 1283 Sermonem
433 1233 532 1284 autem
546 1224 674 1283 tacturus
686 1223 724 1283 dc
745 1224 906 1295 remediis,
920 1243 988 1302 quoe
1000 1224 1141 1284 insinuari

134 1307 244 1367 debent
265 1308 498 1385 poenitentibus,
520 1309 607 1378 dieo,
626 1307 684 1365 alia
710 1325 773 1367 esse
788 1309 956 1386 generalia,
979 1310 1035 1369 alia
1051 1309 1144 1387 parti·

133 1391 242 1450 cularia
264 1409 320 1468 pre
337 1392 438 1470 aliquo
457 1393 531 1452 vitio
547 1392 729 1470 particulari.
743 1393 895 1453 Generalia
917 1395 1055 1455 omnibus
1071 1397 1144 1457 insi·

134 1474 272 1546 uuanda,
294 1485 365 1536 sant
379 1478 409 1535 l.
424 1494 509 1536 amer
522 1495 591 1555 erga
606 1479 722 1546 Deam,
739 1474 808 1538 crim
827 1479 889 1556 ipse
908 1480 945 1540 ad
959 1478 1038 1539 hunc
1047 1481 1143 1540 solem

134 1559 224 1619 iincm
238 1576 294 1618 uos
312 1562 467 1621 creavcrit.
481 1563 517 1621 Et
533 1568 654 1620 curetur
673 1561 806 1638 pariter,
824 1570 858 1621 ut
874 1563 1020 1640 poenitens
1035 1579 1144 1639 eogno-

133 1650 193 1704 scat
206 1662 309 1722 parem
324 1645 497 1705 interiorem
509 1646 569 1722 qud
582 1646 731 1707 donantur
745 1689 754 1714 ,
767 1647 818 1723 qui
837 1646 891 1704 Dei
905 1646 1033 1705 amicitil
1044 1647 1143 1705 uuae

133 1737 204 1802 tur,
225 1739 256 1789 et
271 1729 421 1789 infernum
435 1747 524 1806 quem
548 1738 617 1790 ante
632 1739 750 1807 tempus
761 1729 955 1805 experiuntur
967 1771 975 1797 ,
988 1730 1041 1806 qui
1054 1728 1144 1789 alieni

133 1824 204 1873 sunt
222 1812 240 1873 ir
258 1815 320 1872 Deo
338 1833 347 1873 e
366 1812 467 1872 addita
486 1813 618 1891 pernicie
634 1812 814 1889 temporali,
833 1828 922 1886 quarn
941 1829 1040 1872 secum
1056 1810 1146 1874 trahit

133 1909 296 1975 peccatum.
309 1899 339 1957 9.
355 1897 438 1975 Soepd
456 1915 487 1956 se
503 1897 709 1957 commendare
729 1897 820 1956 beatae
833 1896 969 1975 Virgini,
989 1897 1143 1957 ltesarium

134 1984 305 2053 recitando,
320 2000 351 2040 se
372 1981 579 2042 commendare
597 1982 710 2059 Angelo
730 1979 849 2042 Custodi
864 2023 872 2050 ‚
887 1991 917 2041 et
938 1982 1024 2043 alicui
1036 1984 1143 2044 Sancte

134 2068 278 2149 peculiari
300 2067 470 2144 protectori.
498 2068 527 2126 5.
553 2066 730 2143 Frequentia
757 2073 1036 2137 sacramentorum,
1061 2068 1141 2128 etsi

133 2170 270 2231 unquam
290 2152 322 2209 in
341 2150 461 2226 aliquod
486 2156 640 2227 peceatum
662 2148 786 2208 mortale
811 2148 972 2224 inciderit3
990 2150 1090 2210 statim
1109 2166 1142 2212 sc

133 2237 282 2297 confiteri.
296 2236 328 2293 4.
339 2232 504 2292 Veritatem
516 2241 695 2293 aeternarum
708 2230 921 2306 consideratio,
940 2241 971 2292 et
981 2251 1043 2310 pras
1057 2242 1142 2295 ecte·

133 2325 175 2383 ris
193 2317 390 2381 consideratio
409 2317 514 2376 mortis
538 2336 547 2374 ε
571 2323 602 2374 et
623 2314 883 2393 patribusfamilias
903 2315 1076 2378 insinuanda
1097 2326 1143 2377 est

133 2403 306 2483 quotidiana
329 2399 466 2459 mentalis
484 2400 580 2460 aratio
602 2401 634 2458 in
660 2400 812 2458 cummuni
841 2414 910 2459 cum
932 2401 1067 2470 familia,
1090 2409 1142 2461 aut

132 2490 237 2549 saltem
253 2485 410 2545 linearium
423 2481 481 2541 und
494 2501 563 2542 eam
577 2481 655 2541 saliis.
672 2484 699 2541 5.
717 2483 770 2542 Dei
782 2484 958 2560 presentia,
976 2481 1046 2543 crim
1056 2494 1142 2562 urgct

131 2572 281 2642 tentatio,
303 2568 427 2628 dicendo
439 2588 448 2627 r
460 2569 543 2628 Deua
565 2585 610 2645 piac
628 2565 717 2627 uidet.
736 2568 767 2626 6.
786 2568 925 2639 Quolibet
939 2568 1053 2644 vesperi
1072 2585 1143 2627 con·

133 2654 288 2716 amentiam
301 2652 447 2722 scrutari,
462 2668 529 2711 cum
543 2651 641 2710 animi
650 2651 753 2709 dolore
766 2692 776 2720 ‚
789 2659 820 2707 et
829 2651 992 2725 proposito.
1004 2649 1034 2706 7.
1051 2650 1143 2710 Secu·

134 2740 313 2810 laribus‚·ut
335 2736 367 2794 in
381 2735 480 2812 aliqua
497 2733 724 2812 congregatione
739 2749 772 2791 se
790 2731 975 2800 adscribant,
996 2740 1027 2790 et
1047 2749 1142 2793 sacer-

134 2824 254 2885 dotibus
270 2820 368 2880 oratio
383 2818 537 2889 mentalis,
557 2826 588 2876 ct
605 2815 769 2893 gratiarum
781 2814 912 2874 actiones
926 2821 993 2893 post
1010 2815 1140 2877 mimam.

133 2911 170 2970 lit
181 2916 218 2968 ut
230 2905 384 2985 perlegant
401 2903 506 2963 saltem
524 2901 654 2980 eliquem
671 2899 806 2961 libellum
824 2899 1008 2978 spiritualem
1025 2910 1093 2962 ante
1111 2908 1143 2962 et

188 3003 202 3052 t
218 2990 349 3051 mmm.

134 3010 225 3134 wid·
248 3070 389 3133 Remedia
404 3080 504 3133 autem
526 3069 717 3150 particularia
738 3067 966 3147 assignabuntur
982 3086 1037 3147 pro
1054 3068 1143 3130 vitia·

135 3155 405 3234 rumdlversitate3
420 3174 450 3216 v.
463 3174 495 3233 g.
518 3156 561 3215 illi
577 3157 629 3233 qui
652 3156 752 3231 aliquo
774 3154 842 3214 odio
857 3162 994 3224 tenetur,
1010 3153 1141 3212 insinue-

138 3254 205 3320 tur,
223 3257 260 3306 ut
269 3244 403 3325 quotidie
415 3241 604 3303 commendet
618 3242 679 3299 Deo
692 3241 777 3299 iilum
791 3256 880 3316 quem
895 3237 974 3307 odit,
990 3238 1142 3301 recitando

138 3345 193 3406 pre
213 3332 279 3410 ipso
302 3329 471 3392 orationem
494 3325 725 3395 dominicalem,
746 3334 777 3383 et
799 3323 1005 3383 salutationem
1030 3325 1142 3401 angeli·

140 3430 220 3490 cam3
239 3424 269 3475 ct
282 3412 353 3473 edm
371 3430 403 3471 sc
418 3410 532 3470 turbari
556 3410 646 3468 sentit
664 3408 807 3468 memoria
823 3405 940 3481 injuriae
955 3405 1011 3465 siti
1029 3407 1140 3481 illata,

139 3499 343 3558 reminiscatur
363 3494 609 3557 contumeliarum
626 3493 735 3569 quibus
757 3491 820 3568 ipsc
835 3491 930 3549 Deum
949 3489 1055 3550 alleeit.
1068 3493 1140 3566 Illi,

140 3569 189 3655 qui
204 3582 236 3641 in
252 3586 370 3660 peccata
383 3578 483 3657 turpia
504 3576 656 3657 prolapsus
678 3582 742 3648 est,
757 3583 792 3635 ut
813 3573 909 3635 otium
931 3574 1027 3649 vitet,
1047 3576 1140 3638 matos
