2642 4167
156 167 197 230 81
437 146 550 232 Procris
563 163 876 249 abscedamus.

155 270 315 333 formatum
326 268 418 351 (quod
427 270 594 331 virtualiter
607 275 793 348 perseverat,
804 265 873 327 licet
883 271 954 327 tunc
965 264 1005 327 ob
1017 266 1165 346 impetum

156 354 275 415 timoris
292 373 353 417 non
375 352 577 431 advertatur),
601 349 747 413 nimiritm
775 349 855 428 quod
875 350 937 429 ipsc
961 367 1022 410 non
1041 359 1163 430 peceat,

157 436 303 515 quidquid
317 438 430 518 agendo
444 437 523 517 quod
541 444 655 499 certum
670 441 823 515 peccatum
840 451 901 495 non
924 441 1078 513 agnoscat,
1092 444 1167 495 tuno

157 521 238 581 cuim
248 541 308 583 non
326 533 427 584 contra
440 521 667 596 conscientiam,
681 519 731 579 sed
749 527 850 581 contra
865 537 975 579 vanum
986 519 1070 579 illum
1080 519 1167 578 timo·

158 623 221 666 rcur
243 618 392 686 operatur.
405 608 545 670 Firmiter
561 608 652 684 igitur
668 605 858 667 confessarius
876 604 1047 682 hujusmodi
1069 607 1168 684 poeni-

158 691 232 751 tcuti
254 693 425 771 precipiet,
449 700 483 751 ut
503 692 677 770 scrupulum
701 691 798 750 vineat
827 698 858 750 et
886 688 1045 767 despiciat,
1070 686 1167 749 libero

159 775 271 856 agendo
288 775 319 836 id
340 776 419 855 quod
440 777 594 855 scrupulus
612 777 640 836 ei
658 785 739 836 vetat
751 796 760 851 3
772 783 803 835 et
821 775 943 852 insuper
961 773 1114 854 injungat,
1130 783 1167 835 ut

159 858 347 938 postmodium
359 860 398 921 de
413 860 464 921 illo
479 877 632 939 nunquam
651 876 706 920 nec
719 856 841 921 omnino
853 857 1041 921 confiteatur.

218 1042 246 1126 S.
259 1045 311 1107 tlt.
326 1043 476 1121 Quomodo
490 1062 521 1107 sc
532 1062 631 1126 perere
644 1043 746 1107 debeat
759 1062 826 1106 cum
843 1041 976 1125 personis
988 1040 1108 1108 croto.

198 1271 249 1334 99.
269 1211 428 1337 Personas
448 1270 598 1334 devotioni
615 1270 737 1347 deditis,
752 1289 819 1350 quae
832 1271 1003 1350 frequenter
1023 1272 1167 1335 accedunt
1189 1294 1197 1337 ς

161 1353 199 1416 ud
218 1358 478 1431 communionem,
502 1354 652 1417 ordinarie
677 1355 847 1437 loquendo,
875 1356 1109 1425 insinuandum,
1132 1367 1168 1417 ut

161 1441 264 1502 sallem
282 1442 314 1502 in
337 1441 467 1519 qnalibet
486 1439 670 1500 hebdomada
691 1441 930 1499 sacramentalem
954 1441 1168 1500 absolutionem

160 1526 332 1605 suscipiant.
346 1523 520 1603 Huiusmodi
535 1525 730 1603 praenitentes,
747 1523 772 1583 si
790 1522 907 1585 tantiam
921 1524 958 1585 dc
970 1524 1168 1602 imperiectio·

91 1678 101 1695 .
162 1607 251 1668 nibus
269 1608 448 1669 confitentur
461 1628 527 1686 quaa
545 1626 604 1668 non
624 1607 799 1686 pertingunt
816 1608 852 1667 ad
870 1609 970 1687 culpas
983 1606 1061 1669 certia
1073 1609 1170 1668 reniu-

162 1691 221 1762 les,
235 1692 306 1754 dicit
320 1692 476 1754 Booocr'no
487 1692 567 1769 (Lib.
584 1696 613 1753 6.
627 1711 659 1752 o.
677 1693 745 1752 452.
756 1710 786 1751 u.
799 1693 858 1753 IV.
872 1690 907 1753 δι’
924 1691 1095 1769 dubitetur.)
1114 1691 1169 1752 laos

154 1776 274 1839 *bsolvi
295 1796 378 1856 posse
392 1778 446 1838 sub
464 1777 652 1852 conditione3
663 1774 712 1834 sod
724 1773 780 1836 boc
796 1794 855 1835 non
870 1776 1085 1836 admittendum
1099 1794 1169 1836 cen-

162 1876 228 1931 seo,
243 1860 298 1919 nisi
315 1859 455 1938 perrarb,
470 1871 500 1921 et
518 1859 585 1921 cium
607 1861 662 1938 ipsi
677 1876 738 1919 non
759 1867 877 1938 possent
891 1863 1042 1920 materiam
1057 1870 1168 1920 certum

162 1944 321 2022 preterita
335 1944 404 2004 vitae
421 1945 588 2021 assignare,
601 1945 649 2003 vcl
671 1961 731 2003 non
751 1944 814 2003 sine
828 1962 931 2022 magna
950 1945 1093 2005 molestia.
1107 1946 1170 2004 caa-

163 2025 262 2089 aarum
278 2026 363 2099 dico,
386 2025 468 2105 qubd
485 2029 509 2086 si
530 2029 675 2104 paenitens
694 2037 805 2087 certum
834 2047 895 2088 non
916 2027 1051 2088 exhibeat
1075 2037 1169 2089 muto·

162 2112 239 2173 rium
252 2154 261 2183 ,
274 2128 335 2171 non
356 2110 443 2172 debet
461 2110 655 2172 confessarius
668 2111 735 2190 angi
757 2111 788 2171 in
810 2115 875 2172 curn
892 2112 1111 2192 perquirendo,
1134 2119 1171 2172 ut

163 2195 248 2255 illum
260 2195 390 2255 absolvat
401 2216 411 2271 3
423 2204 455 2256 et
469 2213 536 2255 casu
559 2214 618 2274 quo
631 2196 836 2273 perquisisset,
849 2214 903 2258 nec
918 2199 1093 2267 invenisset,
1108 2214 1169 2256 non

164 2290 282 2341 tenetur
300 2280 328 2340 ci
341 2281 570 2340 conditionatum
587 2279 801 2340 absolutionem
816 2282 979 2360 impertire.
993 2282 1054 2340 lloc
1067 2273 1170 2358 proccss

163 2363 226 2434 dil,
240 2362 308 2423 ciam
329 2365 475 2442 poenilcns
493 2364 650 2425 confitetur
664 2367 709 2442 (ut
722 2364 794 2442 dixi)
808 2365 845 2425 de
857 2365 1032 2433 defectibus,
1045 2366 1082 2425 de
1101 2365 1170 2442 qui·

163 2446 219 2507 bus
231 2447 404 2517 dubitatur,
418 2467 455 2509 an
467 2451 636 2527 pertingant
646 2449 682 2507 ad
693 2449 820 2527 venialia
829 2471 839 2525 3
849 2460 879 2509 ut
890 2450 914 2509 si
929 2449 966 2508 de
976 2449 1062 2509 cortis
1074 2448 1171 2507 venia·

163 2532 241 2592 libus
261 2532 439 2606 confitetur,
463 2533 515 2593 sed
538 2534 712 2602 usualibus,
738 2533 799 2592 sivo
818 2533 1013 2610 quotidianis,
1037 2531 1108 2610 puta
1132 2532 1171 2592 dc

164 2616 369 2693 impatientiis,
393 2617 649 2695 intemperantiis,
673 2616 913 2677 distractionibus
940 2635 973 2676 ιιι
995 2616 1111 2690 officio,
1136 2618 1170 2677 in

164 2702 297 2761 oratione
311 2745 320 2774 ,
335 2711 365 2761 ct
385 2702 550 2773 similibus,
562 2712 594 2763 ul
608 2701 752 2761 absolutio
771 2701 814 2761 illi
835 2700 961 2781 praebbri
979 2699 1090 2779 possit,
1104 2715 1171 2777 spc-

166 2783 305 2844 ctandum
322 2793 387 2856 ert,
403 2805 441 2847 an
458 2788 521 2864 ipse
542 2786 701 2865 aliquando
714 2786 770 2846 sibi
785 2796 929 2863 quantum
946 2785 1044 2862 potuit
1055 2786 1116 2844 vim
1129 2785 1172 2843 in·

166 2869 288 2937 tulerit,
302 2877 337 2927 ut
356 2865 521 2945 pissionern
546 2876 717 2948 superaret,
735 2870 803 2946 quia
824 2879 895 2928 tunc
910 2867 1036 2945 judicari
1062 2868 1172 2946 polerit

165 2949 228 3026 ojus
239 2951 337 3028 culpas
352 2950 451 3028 potitis
470 2971 506 3012 ex
517 2951 645 3012 launuunu
660 2953 816 3030 fragilitate
830 2954 1017 3029 processisse,
1034 2949 1123 3027 quiam
1135 2968 1172 3010 cx

165 3036 277 3096 deiectu
293 3035 403 3095 doloris
413 3043 464 3095 aut
479 3038 634 3115 propositi.
650 3039 672 3096 E
689 3054 845 3105 converso,
860 3036 884 3094 si
899 3036 947 3095 illc
959 3034 1129 3111 frequenter
1141 3043 1172 3095 et

166 3121 229 3196 sipe
242 3118 406 3178 resistentia
420 3120 451 3179 in
464 3118 632 3195 hujusmodi
644 3121 743 3198 culpas
753 3121 882 3196 relapsas
895 3118 934 3179 sit
946 3162 954 3190 ,
966 3128 1037 3178 tunc
1051 3136 1120 3178 cum
1135 3135 1172 3180 co

167 3202 314 3284 agendum
330 3211 471 3280 unquam
484 3221 552 3263 cum
565 3204 695 3264 recidivo
708 3224 718 3278 3
730 3202 814 3279 justu
827 3203 903 3262 dicta
917 3220 950 3263 n.
965 3203 1013 3262 71.

206 3295 274 3354 100.
288 3293 375 3353 Pluru
388 3296 508 3374 iusuper
525 3291 574 3355 hic
591 3295 718 3357 notanda
731 3317 740 3371 3
756 3306 788 3355 et
806 3297 835 3355 1.
848 3302 947 3354 caveat
960 3293 1172 3366 confessarius,

167 3395 205 3439 ne
224 3375 271 3436 his
290 3379 351 3437 suis
368 3378 580 3456 poenitentibus
591 3379 814 3459 spiritualibus,
831 3378 994 3456 pracsertim
1017 3377 1172 3446 loeminis,

167 3457 322 3537 prohibeat
342 3462 477 3522 accedero
498 3462 534 3522 ud
552 3463 644 3523 alium
665 3463 874 3523 confessarium
886 3482 896 3536 3
910 3470 941 3520 et
959 3459 1027 3520 edm
1044 3460 1174 3520 advertit

167 3539 333 3617 accessuse,
347 3546 481 3608 ostendat
493 3546 525 3609 id
535 3545 591 3609 sibi
608 3555 727 3627 gratum
743 3547 850 3625 inisse3
863 3543 924 3609 imo
936 3543 1007 3624 ipsis
1020 3543 1174 3622 imponat,
