2642 4167
24 5 478 49 ῤ’*

171 206 227 266 ilii
357 201 493 285 Epitonro
510 199 650 262 doctrinar
667 197 787 260 rnorah‘c
805 208 834 260 et
847 200 995 263 ccrrrom‘roe

167 302 360 448 lpnrllrhiffl
378 301 519 381 separatis
537 300 643 362 docere
662 299 827 363 doctrinam
846 298 1054 374 christianam,
1070 321 1107 363 cx
1125 320 1173 366 eo·

167 407 247 450 cem.
299 431 307 447 .

206 483 242 541 ln
261 498 365 540 corum
382 477 515 539 Ecclesiis
534 477 660 557 publicis
683 476 786 538 haberi
806 487 928 555 possunt
946 480 1035 540 ctiam
1049 489 1172 559 negante

168 563 294 645 parocho
316 565 469 626 conciones
491 581 546 641 per
565 572 657 623 totam
678 562 936 642 Quadragcsimam
954 572 985 623 ct
1006 564 1170 626 Adventum

168 651 292 730 publicae
310 669 347 711 cx
366 649 480 710 ecdem.
496 646 541 707 lb.

206 744 339 804 Vicissim
362 762 423 804 non
442 750 538 821 potest
557 741 588 800 io
611 741 698 802 dictis
719 741 872 813 Ecclesiis‚
894 741 951 802 nisi
971 741 1057 804 alitcr
1075 745 1172 824 dispo·

169 836 258 891 ncatc
273 828 433 906 Episcopo,
455 826 613 898 celebrari,
632 844 685 887 seu
703 827 814 887 cantari
833 826 920 887 missa
935 837 1004 886 ante
1022 828 1171 906 parochia-

169 915 245 982 lem,
264 930 300 972 cx
317 912 431 971 eodem.
448 912 493 971 lb.

206 1005 250 1066 Ad
271 1002 428 1083 parochum
447 1012 545 1063 tamen
564 1009 676 1080 spectat
695 1001 823 1062 obiciam
842 1003 966 1063 funebre
980 1002 1073 1064 lacere
1086 1025 1173 1085 super

168 1087 357 1150 cadaveribus
369 1086 545 1165 sepeliendis
557 1086 589 1146 in
602 1087 934 1164 supradictisEcclcsiis,
946 1087 1064 1165 quando
1076 1098 1172 1152 tamen

164 1170 532 1318 Ιιέεοιΐιιὲιεεῦιιιειὲἰἑυίιῐιηιαιὴιιι(1ιιε
544 1178 589 1231 cst
597 1170 747 1249 subjectus
755 1169 882 1250 parocho
893 1216 903 1244 ,
914 1173 993 1233 intra
1004 1172 1089 1249 cajus
1102 1174 1173 1235 fines

207 1351 241 1411 ln
253 1347 486 1427 processionibus
502 1346 777 1409 confraternitatum
792 1357 874 1409 extra
894 1348 1038 1413 ambitum
1054 1354 1173 1410 sualic-
1204 1392 1215 1417 a

169 1435 262 1496 clesioe
277 1435 355 1513 [quae
373 1442 470 1493 tamen
489 1432 553 1492 ficri
573 1450 634 1491 non
648 1441 771 1511 possunt
789 1434 899 1511 absque
912 1434 1028 1493 licentia
1041 1453 1092 1494 seu
1106 1437 1173 1513 Epi·

169 1519 272 1599 scopi,
298 1536 349 1579 seu
373 1514 568 1595 parochorum
594 1517 736 1586 illorum,
761 1533 815 1595 per
833 1535 962 1595 qnorum
989 1519 1173 1580 territorium

169 1603 381 1665 transcundum
401 1603 455 1681 cst)
467 1601 607 1680 capellani
629 1600 747 1661 illarum
761 1611 841 1660 extra
858 1603 1173 1682 Ecclesiampropriam

169 1690 272 1752 stolam
291 1688 405 1748 dct'erre
426 1705 486 1747 non
509 1694 651 1765 possunt,
671 1704 707 1747 cx
726 1686 839 1747 eodem.
856 1687 902 1747 lb.

207 1789 364 1851 dcccdcati
377 1788 519 1866 Episcopo
534 1787 570 1846 cd
584 1788 724 1848 Ecclesiae
743 1805 846 1848 earum
863 1786 996 1865 publicas
1010 1832 1019 1858 ‚
1033 1807 1100 1865 quae
1113 1809 1174 1849 non
1253 1790 1258 1795 ’

169 1885 238 1936 strat
261 1873 473 1953 Regularium,
498 1888 594 1948 neque
620 1872 775 1949 proprium
802 1881 943 1932 rectorem
970 1873 1175 1932 beneficiatam

168 1959 299 2104 habent13
315 1955 512 2036 aspersorium
526 1954 543 2015 b
557 1953 685 2033 parocho
705 1955 905 2017 exlribeadum
917 1975 978 2018 noo
992 1966 1047 2017 cst.
1064 1959 1107 2016 Ea
1124 1978 1175 2016 co·
1239 2016 1244 2023 ,

166 2046 247 2106 dem.
265 2046 278 2105 1
303 2086 310 2102 .

208 2138 250 2196 Ex
267 2136 329 2195 solo
347 2135 417 2212 jore
437 2130 598 2211 parochiali
619 2141 749 2194 cessante
770 2134 870 2213 aliquo
891 2135 978 2196 titulo
996 2153 1057 2196 non
1079 2147 1177 2215 potest

169 2218 313 2301 parochus
329 2219 493 2297 capellanos
512 2218 629 2277 illarum
652 2236 755 2297 cogere
775 2219 812 2278 ad
832 2219 1027 2280 assistendum
1048 2221 1177 2282 lucretio·

169 2306 257 2367 nibus
273 2303 407 2363 Eceleaiae
425 2300 612 2380 parochialis.
629 2304 671 2360 lix
689 2302 805 2362 eodem.
823 2303 867 2363 th.

208 2398 326 2475 Absque
343 2396 463 2455 indulto
475 2395 634 2473 apostolico
648 2414 707 2455 non
720 2396 789 2454 licet
801 2395 832 2455 in
849 2395 934 2456 dictis
944 2397 1097 2472 Ecclesia,
1109 2415 1176 2474 quae

169 2500 229 2545 non
243 2483 303 2542 sint
319 2479 515 2559 parochiales,
528 2497 623 2557 neque
640 2479 851 2556 negancium,
864 2481 986 2541 retineri
1000 2482 1050 2540 SS.
1063 2480 1177 2539 Eucha-

168 2567 259 2628 ristiae
272 2575 484 2625 sacramentam
496 2584 504 2638 3
518 2582 614 2640 ncqate
631 2564 655 2622 si
677 2581 709 2621 ea
728 2563 847 2623 facultas
857 2564 951 2647 adsit,
965 2565 1074 2642 absque
1088 2565 1177 2624 Ordi-

168 2651 247 2710 norii
266 2650 383 2708 licentia
402 2656 496 2725 potest
508 2647 619 2706 ibidem
632 2648 745 2707 dictum
755 2648 976 2708 Sacramentum
991 2646 1108 2726 publice
1123 2666 1177 2710 ea-

170 2734 251 2812 pani.
270 2735 311 2792 Ex
328 2734 443 2793 eodem.
463 2732 507 2792 lb.

204 2824 357 2901 ‚parochus
376 2826 479 2902 nequit
499 2842 531 2884 se
551 2825 686 2899 ingcrcrc
706 2823 953 2884 administrationi
973 2824 1175 2900 oblationum,

169 2909 215 2968 rel
240 2910 493 2987 eleemosynarum
520 2909 550 2967 in
574 2908 659 2967 dictis
681 2909 815 2967 Ecclesiis
841 2909 1052 2979 collectarum,
1080 2927 1177 2986 neque

169 2993 298 3055 retinere
322 2995 433 3053 clarem
456 2995 582 3071 capsulae
603 3009 658 3070 pro
680 2991 739 3052 illis
761 2992 936 3069 recipiendis
960 2995 1110 3071 expositae.
1133 2994 1175 3054 Ba
1236 3048 1238 3053 .

169 3076 283 3137 codem.
303 3076 379 3137 thid.

207 3167 379 3228 Dummodo
398 3185 459 3227 non
486 3166 650 3247 impediant
674 3168 860 3239 sanctiones,
883 3176 914 3229 ct
938 3168 1036 3229 divina
1060 3169 1174 3241 officia,

169 3264 290 3330 possunt
302 3252 551 3312 confraternitates
561 3252 648 3312 ctiam
660 3262 763 3312 erectae
775 3257 804 3312 in
817 3254 940 3313 Ecclesia
951 3252 1108 3331 parochiali
1119 3271 1174 3331 pro

169 3337 254 3396 libito
264 3336 433 3414 congregari
446 3336 556 3413 absque
568 3335 683 3395 licentii
695 3345 724 3394 ct
736 3337 890 3413 praesentia·
905 3334 1040 3413 parochi,
1055 3337 1129 3396 sicut
1144 3347 1176 3397 et

169 3430 290 3496 possunt
306 3420 423 3496 propria
436 3418 734 3480 bona‘administrare
744 3464 752 3492 ‚
763 3429 793 3480 ct
804 3420 841 3480 dc
852 3419 912 3480 illis
923 3419 1080 3497 disponere
1091 3419 1180 3479 indes

169 3502 385 3577 pendentcrab
406 3504 467 3562 illo.
483 3505 524 3562 Ex
540 3504 654 3562 codem.
672 3504 715 3563 lb.

207 3583 273 3641 Non
294 3593 389 3659 potest
407 3584 550 3661 parochus
574 3595 724 3664 tamquam
747 3585 894 3665 delegatus
907 3585 1054 3647 ordinarii
1067 3622 1076 3659 ‚›
1091 3585 1175 3647 assia·
