<?xml version="1.0" encoding="UTF-8"?>
<!DOCTYPE html PUBLIC "-//W3C//DTD XHTML 1.0 Transitional//EN"
    "http://www.w3.org/TR/xhtml1/DTD/xhtml1-transitional.dtd">
<html xmlns="http://www.w3.org/1999/xhtml" xml:lang="en" lang="en">
 <head>
  <title>
</title>
<meta http-equiv="Content-Type" content="text/html;charset=utf-8" />
  <meta name='ocr-system' content='tesseract 3.04.00' />
  <meta name='ocr-capabilities' content='ocr_page ocr_carea ocr_par ocr_line ocrx_word'/>
</head>
<body>
  <div class='ocr_page' id='page_1' title='image "./theologiamorali05heilgoog_0154.png"; bbox 0 0 2642 4167; ppageno 0'>
   <div class='ocr_carea' id='block_1_1' title="bbox 212 212 967 300">
    <p class='ocr_par' dir='ltr' id='par_1_1' title="bbox 212 212 967 300">
     <span class='ocr_line' id='line_1_1' title="bbox 212 212 967 300; baseline 0.007 -25"><span class='ocrx_word' id='word_1_1' title='bbox 212 214 269 276; x_wconf 79' lang='lat' dir='ltr'><strong>tto</strong></span> <span class='ocrx_word' id='word_1_2' title='bbox 502 213 615 277; x_wconf 71' lang='lat' dir='ltr'><strong>enee</strong></span> <span class='ocrx_word' id='word_1_3' title='bbox 630 212 816 297; x_wconf 59' lang='lat' dir='ltr'><strong>assuant.</strong></span> <span class='ocrx_word' id='word_1_4' title='bbox 828 214 903 300; x_wconf 76' lang='lat' dir='ltr'><strong>Csp.</strong></span> <span class='ocrx_word' id='word_1_5' title='bbox 916 214 967 280; x_wconf 81' lang='grc'><strong>10.</strong></span> 
     </span>
    </p>
   </div>
   <div class='ocr_carea' id='block_1_2' title="bbox 467 396 946 482">
    <p class='ocr_par' dir='ltr' id='par_1_2' title="bbox 467 396 946 482">
     <span class='ocr_line' id='line_1_2' title="bbox 467 396 946 482; baseline 0.004 -24"><span class='ocrx_word' id='word_1_6' title='bbox 467 411 474 420; x_wconf 92' lang='lat'><strong>·</strong></span> <span class='ocrx_word' id='word_1_7' title='bbox 516 396 544 479; x_wconf 74' lang='lat' dir='ltr'><strong>S.</strong></span> <span class='ocrx_word' id='word_1_8' title='bbox 560 400 598 460; x_wconf 91' lang='grc'><strong>11.</strong></span> <span class='ocrx_word' id='word_1_9' title='bbox 611 398 946 482; x_wconf 77' lang='lat' dir='ltr'><strong>Maaitendpnrechos.</strong></span> 
     </span>
    </p>
   </div>
   <div class='ocr_carea' id='block_1_3' title="bbox 146 518 1273 3677">
    <p class='ocr_par' dir='ltr' id='par_1_3' title="bbox 212 518 1214 742">
     <span class='ocr_line' id='line_1_3' title="bbox 249 518 1214 658; baseline 0.009 -21"><span class='ocrx_word' id='word_1_10' title='bbox 249 577 318 637; x_wconf 81' lang='lat' dir='ltr'><strong>tua.</strong></span> <span class='ocrx_word' id='word_1_11' title='bbox 341 518 492 643; x_wconf 78' lang='lat' dir='ltr'><strong>Exason</strong></span> <span class='ocrx_word' id='word_1_12' title='bbox 503 575 553 640; x_wconf 85' lang='lat' dir='ltr'><strong>hic</strong></span> <span class='ocrx_word' id='word_1_13' title='bbox 565 575 697 638; x_wconf 82' lang='lat' dir='ltr'><strong>breviter</strong></span> <span class='ocrx_word' id='word_1_14' title='bbox 710 586 855 638; x_wconf 72' lang='lat' dir='ltr'><strong>andoure</strong></span> <span class='ocrx_word' id='word_1_15' title='bbox 869 576 1009 655; x_wconf 83' lang='lat' dir='ltr'><strong>quasdam</strong></span> <span class='ocrx_word' id='word_1_16' title='bbox 1029 579 1214 658; x_wconf 70' lang='lat' dir='ltr'><strong>particulares</strong></span> 
     </span>
     <span class='ocr_line' id='line_1_4' title="bbox 212 660 1082 742; baseline 0.006 -24"><span class='ocrx_word' id='word_1_17' title='bbox 212 661 407 736; x_wconf 70' lang='lat' dir='ltr'><strong>parochorum</strong></span> <span class='ocrx_word' id='word_1_18' title='bbox 420 663 613 742; x_wconf 74' lang='lat' dir='ltr'><strong>obiigotiones</strong></span> <span class='ocrx_word' id='word_1_19' title='bbox 626 660 702 721; x_wconf 78' lang='lat' dir='ltr'><strong>cisoa</strong></span> <span class='ocrx_word' id='word_1_20' title='bbox 718 677 820 721; x_wconf 85' lang='lat' dir='ltr'><strong>curam</strong></span> <span class='ocrx_word' id='word_1_21' title='bbox 832 678 954 722; x_wconf 84' lang='lat' dir='ltr'><strong>suarum</strong></span> <span class='ocrx_word' id='word_1_22' title='bbox 970 662 1082 723; x_wconf 87' lang='lat' dir='ltr'><strong>ovium.</strong></span> 
     </span>
    </p>

    <p class='ocr_par' dir='ltr' id='par_1_4' title="bbox 146 745 1273 3677">
     <span class='ocr_line' id='line_1_5' title="bbox 250 745 1212 828; baseline 0.005 -23"><span class='ocrx_word' id='word_1_23' title='bbox 250 746 355 806; x_wconf 61' lang='lat' dir='ltr'><strong>tuen.</strong></span> <span class='ocrx_word' id='word_1_24' title='bbox 367 746 515 808; x_wconf 76' lang='lat' dir='ltr'><strong>Perochus</strong></span> <span class='ocrx_word' id='word_1_25' title='bbox 529 755 649 808; x_wconf 84' lang='lat' dir='ltr'><strong>tenetur</strong></span> <span class='ocrx_word' id='word_1_26' title='bbox 665 763 713 804; x_wconf 88' lang='lat' dir='ltr'><strong>ess</strong></span> <span class='ocrx_word' id='word_1_27' title='bbox 726 746 873 805; x_wconf 86' lang='lat' dir='ltr'><strong>instruere</strong></span> <span class='ocrx_word' id='word_1_28' title='bbox 888 745 965 805; x_wconf 84' lang='lat' dir='ltr'><strong>cirea</strong></span> <span class='ocrx_word' id='word_1_29' title='bbox 980 746 1049 808; x_wconf 83' lang='lat' dir='ltr'><strong>ndei</strong></span> <span class='ocrx_word' id='word_1_30' title='bbox 1063 751 1212 828; x_wconf 84' lang='lat' dir='ltr'><strong>mysteria,</strong></span> 
     </span>
     <span class='ocr_line' id='line_1_6' title="bbox 210 829 1214 913; baseline 0.006 -23"><span class='ocrx_word' id='word_1_31' title='bbox 210 836 241 890; x_wconf 89' lang='lat' dir='ltr'><strong>et</strong></span> <span class='ocrx_word' id='word_1_32' title='bbox 255 846 303 890; x_wconf 88' lang='lat' dir='ltr'><strong>res</strong></span> <span class='ocrx_word' id='word_1_33' title='bbox 314 831 384 890; x_wconf 88' lang='lat' dir='ltr'><strong>alias</strong></span> <span class='ocrx_word' id='word_1_34' title='bbox 393 831 434 890; x_wconf 81' lang='lat' dir='ltr'><strong>sd</strong></span> <span class='ocrx_word' id='word_1_35' title='bbox 446 832 572 892; x_wconf 62' lang='lat' dir='ltr'><strong>alutem</strong></span> <span class='ocrx_word' id='word_1_36' title='bbox 586 829 780 900; x_wconf 83' lang='lat' dir='ltr'><strong>necessarias,</strong></span> <span class='ocrx_word' id='word_1_37' title='bbox 802 835 837 888; x_wconf 94' lang='lat' dir='ltr'><strong>ut</strong></span> <span class='ocrx_word' id='word_1_38' title='bbox 852 838 922 890; x_wconf 88' lang='lat' dir='ltr'><strong>sunt</strong></span> <span class='ocrx_word' id='word_1_39' title='bbox 935 849 944 888; x_wconf 74' lang='grc' dir='ltr'><strong><em>ε</em></strong></span> <span class='ocrx_word' id='word_1_40' title='bbox 959 832 988 890; x_wconf 94' lang='grc'><strong>1.</strong></span> <span class='ocrx_word' id='word_1_41' title='bbox 1002 832 1135 905; x_wconf 82' lang='lat' dir='ltr'><strong>Quatuor</strong></span> <span class='ocrx_word' id='word_1_42' title='bbox 1152 853 1214 913; x_wconf 86' lang='lat' dir='ltr'><strong>my·</strong></span> 
     </span>
     <span class='ocr_line' id='line_1_7' title="bbox 210 910 1213 997; baseline 0.006 -25"><span class='ocrx_word' id='word_1_43' title='bbox 210 913 299 973; x_wconf 83' lang='lat' dir='ltr'><strong>steria</strong></span> <span class='ocrx_word' id='word_1_44' title='bbox 318 916 515 997; x_wconf 78' lang='lat' dir='ltr'><strong>principalia3</strong></span> <span class='ocrx_word' id='word_1_45' title='bbox 535 915 647 977; x_wconf 87' lang='lat' dir='ltr'><strong>scilieet</strong></span> <span class='ocrx_word' id='word_1_46' title='bbox 664 910 745 991; x_wconf 81' lang='lat' dir='ltr'><strong>quoa</strong></span> <span class='ocrx_word' id='word_1_47' title='bbox 766 914 871 976; x_wconf 82' lang='lat' dir='ltr'><strong>existat</strong></span> <span class='ocrx_word' id='word_1_48' title='bbox 896 931 974 974; x_wconf 91' lang='lat' dir='ltr'><strong>unus</strong></span> <span class='ocrx_word' id='word_1_49' title='bbox 995 917 1095 990; x_wconf 88' lang='lat' dir='ltr'><strong>Deus,</strong></span> <span class='ocrx_word' id='word_1_50' title='bbox 1110 921 1213 996; x_wconf 81' lang='lat' dir='ltr'><strong>quiest</strong></span> 
     </span>
     <span class='ocr_line' id='line_1_8' title="bbox 146 998 1212 1078; baseline 0.005 -21"><span class='ocrx_word' id='word_1_51' title='bbox 146 1016 153 1025; x_wconf 57' lang='lat'>‘</span> <span class='ocrx_word' id='word_1_52' title='bbox 210 998 420 1076; x_wconf 89' lang='lat' dir='ltr'><strong>omnipotens,</strong></span> <span class='ocrx_word' id='word_1_53' title='bbox 436 999 677 1078; x_wconf 80' lang='lat' dir='ltr'><strong>sapientissimus</strong></span> <span class='ocrx_word' id='word_1_54' title='bbox 694 1005 807 1057; x_wconf 82' lang='lat' dir='ltr'><strong>creator</strong></span> <span class='ocrx_word' id='word_1_55' title='bbox 823 1040 832 1068; x_wconf 94' lang='lat'>‚</span> <span class='ocrx_word' id='word_1_56' title='bbox 853 1003 884 1056; x_wconf 87' lang='lat' dir='ltr'><strong>et</strong></span> <span class='ocrx_word' id='word_1_57' title='bbox 903 998 1048 1059; x_wconf 81' lang='lat' dir='ltr'><strong>Dominus</strong></span> <span class='ocrx_word' id='word_1_58' title='bbox 1062 1002 1212 1072; x_wconf 87' lang='lat' dir='ltr'><strong>omnium,</strong></span> 
     </span>
     <span class='ocr_line' id='line_1_9' title="bbox 210 1079 1213 1165; baseline 0.009 -25"><span class='ocrx_word' id='word_1_59' title='bbox 210 1079 397 1157; x_wconf 78' lang='lat' dir='ltr'><strong>misericors,</strong></span> <span class='ocrx_word' id='word_1_60' title='bbox 418 1093 449 1145; x_wconf 89' lang='lat' dir='ltr'><strong>et</strong></span> <span class='ocrx_word' id='word_1_61' title='bbox 460 1085 616 1145; x_wconf 82' lang='lat' dir='ltr'><strong>amabilior</strong></span> <span class='ocrx_word' id='word_1_62' title='bbox 628 1098 817 1162; x_wconf 86' lang='lat' dir='ltr'><strong>quocumque</strong></span> <span class='ocrx_word' id='word_1_63' title='bbox 828 1080 926 1156; x_wconf 85' lang='lat' dir='ltr'><strong>bona;</strong></span> <span class='ocrx_word' id='word_1_64' title='bbox 941 1092 971 1143; x_wconf 93' lang='lat' dir='ltr'><strong>et</strong></span> <span class='ocrx_word' id='word_1_65' title='bbox 983 1085 1130 1164; x_wconf 77' lang='lat' dir='ltr'><strong>praecipue</strong></span> <span class='ocrx_word' id='word_1_66' title='bbox 1139 1086 1213 1165; x_wconf 80' lang='lat' dir='ltr'><strong>quta</strong></span> 
     </span>
     <span class='ocr_line' id='line_1_10' title="bbox 211 1163 1213 1247; baseline 0.008 -22"><span class='ocrx_word' id='word_1_67' title='bbox 211 1171 273 1226; x_wconf 86' lang='lat' dir='ltr'><strong>tom</strong></span> <span class='ocrx_word' id='word_1_68' title='bbox 297 1166 475 1243; x_wconf 85' lang='lat' dir='ltr'><strong>bonorum,</strong></span> <span class='ocrx_word' id='word_1_69' title='bbox 505 1167 596 1247; x_wconf 81' lang='lat' dir='ltr'><strong>quim</strong></span> <span class='ocrx_word' id='word_1_70' title='bbox 628 1169 779 1229; x_wconf 84' lang='lat' dir='ltr'><strong>malorum</strong></span> <span class='ocrx_word' id='word_1_71' title='bbox 810 1165 849 1224; x_wconf 84' lang='lat' dir='ltr'><strong>sit</strong></span> <span class='ocrx_word' id='word_1_72' title='bbox 873 1163 971 1242; x_wconf 85' lang='lat' dir='ltr'><strong>justus</strong></span> <span class='ocrx_word' id='word_1_73' title='bbox 991 1183 1213 1246; x_wconf 72' lang='lat' dir='ltr'><strong>remunerator,</strong></span> 
     </span>
     <span class='ocr_line' id='line_1_11' title="bbox 209 1249 1214 1331; baseline 0.005 -23"><span class='ocrx_word' id='word_1_74' title='bbox 209 1249 330 1329; x_wconf 86' lang='lat' dir='ltr'><strong>insuper</strong></span> <span class='ocrx_word' id='word_1_75' title='bbox 343 1254 583 1331; x_wconf 55' lang='lat' dir='ltr'><strong>mysterium-ssa</strong></span> <span class='ocrx_word' id='word_1_76' title='bbox 600 1251 781 1322; x_wconf 81' lang='lat' dir='ltr'><strong>Trinitatis,</strong></span> <span class='ocrx_word' id='word_1_77' title='bbox 804 1250 1038 1323; x_wconf 76' lang='lat' dir='ltr'><strong>incarnationis,</strong></span> <span class='ocrx_word' id='word_1_78' title='bbox 1062 1261 1094 1313; x_wconf 91' lang='lat' dir='ltr'><strong>et</strong></span> <span class='ocrx_word' id='word_1_79' title='bbox 1115 1259 1214 1318; x_wconf 81' lang='lat' dir='ltr'><strong>mortis</strong></span> 
     </span>
     <span class='ocr_line' id='line_1_12' title="bbox 210 1332 1214 1414; baseline 0.005 -21"><span class='ocrx_word' id='word_1_80' title='bbox 210 1332 278 1394; x_wconf 80' lang='lat' dir='ltr'><strong>iesu</strong></span> <span class='ocrx_word' id='word_1_81' title='bbox 295 1334 417 1397; x_wconf 87' lang='lat' dir='ltr'><strong>Christi.</strong></span> <span class='ocrx_word' id='word_1_82' title='bbox 439 1338 681 1398; x_wconf 64' lang='lat' dir='ltr'><strong>esternacensi</strong></span> <span class='ocrx_word' id='word_1_83' title='bbox 706 1333 893 1407; x_wconf 84' lang='lat' dir='ltr'><strong>necessaria,</strong></span> <span class='ocrx_word' id='word_1_84' title='bbox 916 1343 951 1394; x_wconf 87' lang='lat' dir='ltr'><strong>ut</strong></span> <span class='ocrx_word' id='word_1_85' title='bbox 971 1334 1139 1414; x_wconf 83' lang='lat' dir='ltr'><strong>Baptisms,</strong></span> <span class='ocrx_word' id='word_1_86' title='bbox 1160 1339 1214 1398; x_wconf 79' lang='lat' dir='ltr'><strong>Eu·</strong></span> 
     </span>
     <span class='ocr_line' id='line_1_13' title="bbox 210 1414 1215 1496; baseline 0.003 -18"><span class='ocrx_word' id='word_1_87' title='bbox 210 1414 346 1478; x_wconf 87' lang='lat' dir='ltr'><strong>charistia</strong></span> <span class='ocrx_word' id='word_1_88' title='bbox 364 1465 372 1489; x_wconf 80' lang='grc'>,</span> <span class='ocrx_word' id='word_1_89' title='bbox 404 1419 600 1491; x_wconf 70' lang='lat' dir='ltr'><strong>poenitentia,</strong></span> <span class='ocrx_word' id='word_1_90' title='bbox 618 1425 656 1479; x_wconf 83' lang='lat' dir='ltr'><strong>et</strong></span> <span class='ocrx_word' id='word_1_91' title='bbox 685 1419 741 1478; x_wconf 89' lang='lat' dir='ltr'><strong>alia</strong></span> <span class='ocrx_word' id='word_1_92' title='bbox 765 1418 872 1478; x_wconf 87' lang='lat' dir='ltr'><strong>saitem</strong></span> <span class='ocrx_word' id='word_1_93' title='bbox 894 1416 1014 1496; x_wconf 77' lang='lat' dir='ltr'><strong>quamdo</strong></span> <span class='ocrx_word' id='word_1_94' title='bbox 1040 1428 1113 1480; x_wconf 87' lang='lat' dir='ltr'><strong>sunt</strong></span> <span class='ocrx_word' id='word_1_95' title='bbox 1131 1420 1215 1480; x_wconf 82' lang='lat' dir='ltr'><strong>susei-</strong></span> 
     </span>
     <span class='ocr_line' id='line_1_14' title="bbox 210 1502 1214 1584; baseline 0.004 -23"><span class='ocrx_word' id='word_1_96' title='bbox 210 1502 328 1582; x_wconf 86' lang='lat' dir='ltr'><strong>pienda.</strong></span> <span class='ocrx_word' id='word_1_97' title='bbox 342 1505 371 1565; x_wconf 77' lang='lat'><strong>5.</strong></span> <span class='ocrx_word' id='word_1_98' title='bbox 394 1505 527 1584; x_wconf 79' lang='lat' dir='ltr'><strong>symboli</strong></span> <span class='ocrx_word' id='word_1_99' title='bbox 550 1504 691 1575; x_wconf 79' lang='lat' dir='ltr'><strong>articuli,</strong></span> <span class='ocrx_word' id='word_1_100' title='bbox 714 1504 794 1564; x_wconf 84' lang='lat' dir='ltr'><strong>inter</strong></span> <span class='ocrx_word' id='word_1_101' title='bbox 812 1519 888 1581; x_wconf 82' lang='lat' dir='ltr'><strong>quos</strong></span> <span class='ocrx_word' id='word_1_102' title='bbox 912 1503 1078 1578; x_wconf 76' lang='lat' dir='ltr'><strong>presertim</strong></span> <span class='ocrx_word' id='word_1_103' title='bbox 1097 1505 1214 1583; x_wconf 74' lang='lat' dir='ltr'><strong>virgini·</strong></span> 
     </span>
     <span class='ocr_line' id='line_1_15' title="bbox 211 1582 1214 1663; baseline 0.004 -17"><span class='ocrx_word' id='word_1_104' title='bbox 211 1589 279 1648; x_wconf 83' lang='lat' dir='ltr'><strong>tatis</strong></span> <span class='ocrx_word' id='word_1_105' title='bbox 298 1588 398 1650; x_wconf 68' lang='lat' dir='ltr'><strong>uoto</strong></span> <span class='ocrx_word' id='word_1_106' title='bbox 425 1589 646 1663; x_wconf 63' lang='lat' dir='ltr'><strong>Sanctissimue</strong></span> <span class='ocrx_word' id='word_1_107' title='bbox 674 1587 764 1646; x_wconf 87' lang='lat' dir='ltr'><strong>sessio</strong></span> <span class='ocrx_word' id='word_1_108' title='bbox 789 1587 859 1647; x_wconf 79' lang='lat' dir='ltr'><strong>iesu</strong></span> <span class='ocrx_word' id='word_1_109' title='bbox 880 1582 990 1645; x_wconf 75' lang='lat' dir='ltr'><strong>Christi</strong></span> <span class='ocrx_word' id='word_1_110' title='bbox 1012 1585 1050 1647; x_wconf 83' lang='lat' dir='ltr'><strong>sd</strong></span> <span class='ocrx_word' id='word_1_111' title='bbox 1069 1585 1214 1650; x_wconf 81' lang='lat' dir='ltr'><strong>dexteram</strong></span> 
     </span>
     <span class='ocr_line' id='line_1_16' title="bbox 211 1668 1212 1752; baseline 0.001 -20"><span class='ocrx_word' id='word_1_112' title='bbox 211 1671 324 1745; x_wconf 82' lang='lat' dir='ltr'><strong>Patris,</strong></span> <span class='ocrx_word' id='word_1_113' title='bbox 346 1673 455 1733; x_wconf 86' lang='lat' dir='ltr'><strong>scilicet</strong></span> <span class='ocrx_word' id='word_1_114' title='bbox 469 1671 623 1752; x_wconf 80' lang='lat' dir='ltr'><strong>quodipse</strong></span> <span class='ocrx_word' id='word_1_115' title='bbox 640 1673 673 1734; x_wconf 88' lang='lat' dir='ltr'><strong>in</strong></span> <span class='ocrx_word' id='word_1_116' title='bbox 687 1670 768 1731; x_wconf 79' lang='lat' dir='ltr'><strong>ecelis</strong></span> <span class='ocrx_word' id='word_1_117' title='bbox 777 1668 875 1730; x_wconf 77' lang='lat' dir='ltr'><strong>eedeau</strong></span> <span class='ocrx_word' id='word_1_118' title='bbox 889 1687 959 1730; x_wconf 84' lang='lat' dir='ltr'><strong>cuna</strong></span> <span class='ocrx_word' id='word_1_119' title='bbox 978 1669 1064 1730; x_wconf 83' lang='lat' dir='ltr'><strong>Potae</strong></span> <span class='ocrx_word' id='word_1_120' title='bbox 1077 1671 1112 1732; x_wconf 89' lang='lat' dir='ltr'><strong>in</strong></span> <span class='ocrx_word' id='word_1_121' title='bbox 1126 1672 1212 1750; x_wconf 72' lang='lat' dir='ltr'><strong>gioria</strong></span> 
     </span>
     <span class='ocr_line' id='line_1_17' title="bbox 210 1752 1212 1835; baseline 0.001 -19"><span class='ocrx_word' id='word_1_122' title='bbox 210 1755 373 1834; x_wconf 79' lang='lat' dir='ltr'><strong>coaequali:</strong></span> <span class='ocrx_word' id='word_1_123' title='bbox 401 1757 577 1819; x_wconf 62' lang='lat' dir='ltr'><strong>resumis</strong></span> <span class='ocrx_word' id='word_1_124' title='bbox 596 1772 757 1835; x_wconf 84' lang='lat' dir='ltr'><strong>corporum</strong></span> <span class='ocrx_word' id='word_1_125' title='bbox 780 1754 813 1814; x_wconf 90' lang='lat' dir='ltr'><strong>in</strong></span> <span class='ocrx_word' id='word_1_126' title='bbox 835 1752 949 1831; x_wconf 85' lang='lat' dir='ltr'><strong>judicio</strong></span> <span class='ocrx_word' id='word_1_127' title='bbox 973 1752 1055 1813; x_wconf 87' lang='lat' dir='ltr'><strong>finali</strong></span> <span class='ocrx_word' id='word_1_128' title='bbox 1087 1753 1212 1817; x_wconf 82' lang='lat' dir='ltr'><strong>iacienda</strong></span> 
     </span>
     <span class='ocr_line' id='line_1_18' title="bbox 209 1838 1211 1918; baseline 0.001 -18"><span class='ocrx_word' id='word_1_129' title='bbox 209 1839 227 1900; x_wconf 77' lang='lat' dir='ltr'><strong>t</strong></span> <span class='ocrx_word' id='word_1_130' title='bbox 249 1839 365 1901; x_wconf 81' lang='lat' dir='ltr'><strong>Christo</strong></span> <span class='ocrx_word' id='word_1_131' title='bbox 383 1842 510 1903; x_wconf 84' lang='lat' dir='ltr'><strong>Domino</strong></span> <span class='ocrx_word' id='word_1_132' title='bbox 534 1861 542 1901; x_wconf 83' lang='grc' dir='ltr'>ι</span> <span class='ocrx_word' id='word_1_133' title='bbox 569 1843 668 1901; x_wconf 81' lang='lat' dir='ltr'><strong>unitus</strong></span> <span class='ocrx_word' id='word_1_134' title='bbox 693 1841 836 1901; x_wconf 79' lang='lat' dir='ltr'><strong>Romanae</strong></span> <span class='ocrx_word' id='word_1_135' title='bbox 856 1838 1007 1912; x_wconf 81' lang='lat' dir='ltr'><strong>Ecclesiae,</strong></span> <span class='ocrx_word' id='word_1_136' title='bbox 1025 1839 1058 1898; x_wconf 92' lang='lat' dir='ltr'><strong>in</strong></span> <span class='ocrx_word' id='word_1_137' title='bbox 1079 1857 1138 1918; x_wconf 80' lang='lat' dir='ltr'><strong>qua</strong></span> <span class='ocrx_word' id='word_1_138' title='bbox 1156 1840 1211 1901; x_wconf 82' lang='lat' dir='ltr'><strong>sola</strong></span> 
     </span>
     <span class='ocr_line' id='line_1_19' title="bbox 209 1923 1213 2002; baseline 0.002 -20"><span class='ocrx_word' id='word_1_139' title='bbox 209 1924 358 2002; x_wconf 78' lang='lat' dir='ltr'><strong>&#39;reperitur</strong></span> <span class='ocrx_word' id='word_1_140' title='bbox 375 1925 482 1985; x_wconf 82' lang='lat' dir='ltr'><strong>animoe</strong></span> <span class='ocrx_word' id='word_1_141' title='bbox 503 1926 602 2000; x_wconf 71' lang='lat' dir='ltr'><strong>salus,</strong></span> <span class='ocrx_word' id='word_1_142' title='bbox 617 1930 648 1985; x_wconf 89' lang='lat' dir='ltr'><strong>et</strong></span> <span class='ocrx_word' id='word_1_143' title='bbox 667 1924 798 2002; x_wconf 83' lang='lat' dir='ltr'><strong>deniquo</strong></span> <span class='ocrx_word' id='word_1_144' title='bbox 816 1923 989 1983; x_wconf 73' lang='lat' dir='ltr'><strong>eternitatis</strong></span> <span class='ocrx_word' id='word_1_145' title='bbox 999 1923 1141 2002; x_wconf 49' lang='lat' dir='ltr'><strong>xpatraadisi</strong></span> <span class='ocrx_word' id='word_1_146' title='bbox 1150 1968 1161 2001; x_wconf 92' lang='lat'><strong>,</strong></span> <span class='ocrx_word' id='word_1_147' title='bbox 1184 1933 1213 1984; x_wconf 88' lang='lat' dir='ltr'><strong>et</strong></span> 
     </span>
     <span class='ocr_line' id='line_1_20' title="bbox 209 2006 1211 2088; baseline 0.002 -20"><span class='ocrx_word' id='word_1_148' title='bbox 209 2008 329 2068; x_wconf 85' lang='lat' dir='ltr'><strong>inserui.</strong></span> <span class='ocrx_word' id='word_1_149' title='bbox 348 2009 422 2082; x_wconf 79' lang='lat' dir='ltr'><strong>Quae</strong></span> <span class='ocrx_word' id='word_1_150' title='bbox 445 2010 545 2069; x_wconf 87' lang='lat' dir='ltr'><strong>amnia</strong></span> <span class='ocrx_word' id='word_1_151' title='bbox 573 2008 784 2088; x_wconf 67' lang='lat' dir='ltr'><strong>unusquisque</strong></span> <span class='ocrx_word' id='word_1_152' title='bbox 801 2007 896 2068; x_wconf 81' lang='lat' dir='ltr'><strong>fidelis</strong></span> <span class='ocrx_word' id='word_1_153' title='bbox 920 2012 1040 2067; x_wconf 83' lang='lat' dir='ltr'><strong>tenetur</strong></span> <span class='ocrx_word' id='word_1_154' title='bbox 1062 2009 1140 2069; x_wconf 82' lang='lat' dir='ltr'><strong>seire</strong></span> <span class='ocrx_word' id='word_1_155' title='bbox 1160 2006 1211 2070; x_wconf 74' lang='lat' dir='ltr'><strong>sub</strong></span> 
     </span>
     <span class='ocr_line' id='line_1_21' title="bbox 208 2092 1212 2172; baseline 0.002 -22"><span class='ocrx_word' id='word_1_156' title='bbox 208 2092 300 2171; x_wconf 76' lang='lat' dir='ltr'><strong>gravi.</strong></span> <span class='ocrx_word' id='word_1_157' title='bbox 311 2093 342 2152; x_wconf 79' lang='lat' dir='ltr'><strong>t.</strong></span> <span class='ocrx_word' id='word_1_158' title='bbox 356 2093 501 2172; x_wconf 77' lang='lat' dir='ltr'><strong>Proeceptn</strong></span> <span class='ocrx_word' id='word_1_159' title='bbox 517 2092 671 2170; x_wconf 76' lang='lat' dir='ltr'><strong>Decaiogi,</strong></span> <span class='ocrx_word' id='word_1_160' title='bbox 691 2101 723 2151; x_wconf 88' lang='lat' dir='ltr'><strong>et</strong></span> <span class='ocrx_word' id='word_1_161' title='bbox 738 2093 883 2153; x_wconf 78' lang='lat' dir='ltr'><strong>Ecclesioe.</strong></span> <span class='ocrx_word' id='word_1_162' title='bbox 909 2093 1043 2153; x_wconf 51' lang='lat' dir='ltr'><strong>&amp;Pater</strong></span> <span class='ocrx_word' id='word_1_163' title='bbox 1052 2098 1167 2165; x_wconf 83' lang='lat' dir='ltr'><strong>noster,</strong></span> <span class='ocrx_word' id='word_1_164' title='bbox 1185 2097 1212 2152; x_wconf 84' lang='lat' dir='ltr'><strong>et</strong></span> 
     </span>
     <span class='ocr_line' id='line_1_22' title="bbox 209 2175 1208 2253; baseline 0 -17"><span class='ocrx_word' id='word_1_165' title='bbox 209 2177 267 2236; x_wconf 84' lang='lat' dir='ltr'><strong>Ave</strong></span> <span class='ocrx_word' id='word_1_166' title='bbox 284 2175 455 2247; x_wconf 59' lang='lat' dir='ltr'><strong>Marimet</strong></span> <span class='ocrx_word' id='word_1_167' title='bbox 479 2186 561 2236; x_wconf 87' lang='lat' dir='ltr'><strong>actos</strong></span> <span class='ocrx_word' id='word_1_168' title='bbox 583 2175 676 2246; x_wconf 85' lang='lat' dir='ltr'><strong>fidei,</strong></span> <span class='ocrx_word' id='word_1_169' title='bbox 701 2177 785 2253; x_wconf 84' lang='lat' dir='ltr'><strong>spei,</strong></span> <span class='ocrx_word' id='word_1_170' title='bbox 804 2177 941 2250; x_wconf 82' lang='lat' dir='ltr'><strong>amoris,</strong></span> <span class='ocrx_word' id='word_1_171' title='bbox 963 2182 996 2236; x_wconf 88' lang='lat' dir='ltr'><strong>et</strong></span> <span class='ocrx_word' id='word_1_172' title='bbox 1017 2175 1208 2238; x_wconf 75' lang='lat' dir='ltr'><strong>contritionis.</strong></span> 
     </span>
     <span class='ocr_line' id='line_1_23' title="bbox 208 2257 1210 2339; baseline 0.002 -21"><span class='ocrx_word' id='word_1_173' title='bbox 208 2257 300 2319; x_wconf 88' lang='lat' dir='ltr'><strong>Sicuti</strong></span> <span class='ocrx_word' id='word_1_174' title='bbox 326 2259 455 2336; x_wconf 76' lang='lat' dir='ltr'><strong>gnaviter</strong></span> <span class='ocrx_word' id='word_1_175' title='bbox 485 2265 585 2337; x_wconf 89' lang='lat' dir='ltr'><strong>peccat</strong></span> <span class='ocrx_word' id='word_1_176' title='bbox 615 2259 694 2331; x_wconf 85' lang='lat' dir='ltr'><strong>iile,</strong></span> <span class='ocrx_word' id='word_1_177' title='bbox 727 2260 779 2337; x_wconf 91' lang='lat' dir='ltr'><strong>qui</strong></span> <span class='ocrx_word' id='word_1_178' title='bbox 807 2260 883 2319; x_wconf 78' lang='lat' dir='ltr'><strong>scire</strong></span> <span class='ocrx_word' id='word_1_179' title='bbox 905 2258 968 2321; x_wconf 72' lang='lat' dir='ltr'><strong>hec</strong></span> <span class='ocrx_word' id='word_1_180' title='bbox 987 2259 1111 2339; x_wconf 73' lang='lat' dir='ltr'><strong>negligit</strong></span> <span class='ocrx_word' id='word_1_181' title='bbox 1137 2262 1210 2338; x_wconf 78' lang='lat' dir='ltr'><strong>(que</strong></span> 
     </span>
     <span class='ocr_line' id='line_1_24' title="bbox 207 2340 1209 2420; baseline 0.003 -17"><span class='ocrx_word' id='word_1_182' title='bbox 207 2341 323 2403; x_wconf 85' lang='lat' dir='ltr'><strong>sciendo</strong></span> <span class='ocrx_word' id='word_1_183' title='bbox 336 2350 406 2403; x_wconf 86' lang='lat' dir='ltr'><strong>sunt</strong></span> <span class='ocrx_word' id='word_1_184' title='bbox 422 2359 481 2404; x_wconf 92' lang='lat' dir='ltr'><strong>noa</strong></span> <span class='ocrx_word' id='word_1_185' title='bbox 499 2340 589 2403; x_wconf 76' lang='lat' dir='ltr'><strong>modo</strong></span> <span class='ocrx_word' id='word_1_186' title='bbox 610 2343 643 2401; x_wconf 87' lang='lat' dir='ltr'><strong>in</strong></span> <span class='ocrx_word' id='word_1_187' title='bbox 663 2352 807 2420; x_wconf 77' lang='lat' dir='ltr'><strong>quantum</strong></span> <span class='ocrx_word' id='word_1_188' title='bbox 831 2341 868 2401; x_wconf 87' lang='lat' dir='ltr'><strong>ad</strong></span> <span class='ocrx_word' id='word_1_189' title='bbox 885 2342 1028 2414; x_wconf 82' lang='lat' dir='ltr'><strong>nomina,</strong></span> <span class='ocrx_word' id='word_1_190' title='bbox 1052 2345 1106 2406; x_wconf 86' lang='lat' dir='ltr'><strong>sed</strong></span> <span class='ocrx_word' id='word_1_191' title='bbox 1125 2345 1209 2406; x_wconf 72' lang='lat' dir='ltr'><strong>edan</strong></span> 
     </span>
     <span class='ocr_line' id='line_1_25' title="bbox 208 2425 1206 2513; baseline -0.001 -23"><span class='ocrx_word' id='word_1_192' title='bbox 208 2429 240 2490; x_wconf 87' lang='lat' dir='ltr'><strong>in</strong></span> <span class='ocrx_word' id='word_1_193' title='bbox 253 2433 399 2513; x_wconf 87' lang='lat' dir='ltr'><strong>quantum</strong></span> <span class='ocrx_word' id='word_1_194' title='bbox 411 2426 448 2486; x_wconf 89' lang='lat' dir='ltr'><strong>ad</strong></span> <span class='ocrx_word' id='word_1_195' title='bbox 463 2425 612 2504; x_wconf 59' lang='lat' dir='ltr'><strong>sensam,</strong></span> <span class='ocrx_word' id='word_1_196' title='bbox 629 2426 671 2486; x_wconf 87' lang='lat' dir='ltr'><strong>ita</strong></span> <span class='ocrx_word' id='word_1_197' title='bbox 684 2426 773 2487; x_wconf 87' lang='lat' dir='ltr'><strong>etiam</strong></span> <span class='ocrx_word' id='word_1_198' title='bbox 791 2426 920 2505; x_wconf 77' lang='lat' dir='ltr'><strong>graviter</strong></span> <span class='ocrx_word' id='word_1_199' title='bbox 933 2435 1032 2506; x_wconf 85' lang='lat' dir='ltr'><strong>peccat</strong></span> <span class='ocrx_word' id='word_1_200' title='bbox 1049 2427 1206 2508; x_wconf 80' lang='lat' dir='ltr'><strong>parochus,</strong></span> 
     </span>
     <span class='ocr_line' id='line_1_26' title="bbox 208 2511 1207 2591; baseline 0 -18"><span class='ocrx_word' id='word_1_201' title='bbox 208 2520 242 2573; x_wconf 91' lang='lat' dir='ltr'><strong>ut</strong></span> <span class='ocrx_word' id='word_1_202' title='bbox 268 2511 353 2591; x_wconf 83' lang='lat' dir='ltr'><strong>ajunt</strong></span> <span class='ocrx_word' id='word_1_203' title='bbox 372 2511 569 2573; x_wconf 86' lang='lat' dir='ltr'><strong>communiter</strong></span> <span class='ocrx_word' id='word_1_204' title='bbox 590 2511 758 2583; x_wconf 85' lang='lat' dir='ltr'><strong>Doctores,</strong></span> <span class='ocrx_word' id='word_1_205' title='bbox 776 2513 801 2570; x_wconf 88' lang='lat' dir='ltr'><strong>si</strong></span> <span class='ocrx_word' id='word_1_206' title='bbox 825 2529 880 2589; x_wconf 87' lang='lat' dir='ltr'><strong>per</strong></span> <span class='ocrx_word' id='word_1_207' title='bbox 906 2529 959 2584; x_wconf 86' lang='lat' dir='ltr'><strong>se,</strong></span> <span class='ocrx_word' id='word_1_208' title='bbox 984 2513 1032 2573; x_wconf 83' lang='lat' dir='ltr'><strong>vel</strong></span> <span class='ocrx_word' id='word_1_209' title='bbox 1050 2531 1106 2590; x_wconf 86' lang='lat' dir='ltr'><strong>per</strong></span> <span class='ocrx_word' id='word_1_210' title='bbox 1125 2514 1207 2573; x_wconf 85' lang='lat' dir='ltr'><strong>aliam</strong></span> 
     </span>
     <span class='ocr_line' id='line_1_27' title="bbox 207 2594 1206 2676; baseline -0.004 -18"><span class='ocrx_word' id='word_1_211' title='bbox 207 2596 343 2660; x_wconf 86' lang='lat' dir='ltr'><strong>idoneam</strong></span> <span class='ocrx_word' id='word_1_212' title='bbox 365 2613 520 2675; x_wconf 85' lang='lat' dir='ltr'><strong>personam</strong></span> <span class='ocrx_word' id='word_1_213' title='bbox 537 2595 666 2676; x_wconf 82' lang='lat' dir='ltr'><strong>(quoties</strong></span> <span class='ocrx_word' id='word_1_214' title='bbox 686 2594 748 2671; x_wconf 87' lang='lat' dir='ltr'><strong>ipse</strong></span> <span class='ocrx_word' id='word_1_215' title='bbox 759 2594 849 2654; x_wconf 86' lang='lat' dir='ltr'><strong>inerit</strong></span> <span class='ocrx_word' id='word_1_216' title='bbox 870 2594 1001 2673; x_wconf 73' lang='lat' dir='ltr'><strong>legitime</strong></span> <span class='ocrx_word' id='word_1_217' title='bbox 1017 2595 1206 2676; x_wconf 84' lang='lat' dir='ltr'><strong>impeditus),</strong></span> 
     </span>
     <span class='ocr_line' id='line_1_28' title="bbox 206 2678 1208 2758; baseline -0.005 -16"><span class='ocrx_word' id='word_1_218' title='bbox 206 2687 242 2742; x_wconf 88' lang='lat' dir='ltr'><strong>ut</strong></span> <span class='ocrx_word' id='word_1_219' title='bbox 264 2678 391 2740; x_wconf 83' lang='lat' dir='ltr'><strong>habetur</strong></span> <span class='ocrx_word' id='word_1_220' title='bbox 414 2680 446 2740; x_wconf 92' lang='lat' dir='ltr'><strong>in</strong></span> <span class='ocrx_word' id='word_1_221' title='bbox 462 2681 603 2742; x_wconf 49' lang='lat' dir='ltr'><strong>¹it&#39;uneilio</strong></span> <span class='ocrx_word' id='word_1_222' title='bbox 621 2678 799 2740; x_wconf 84' lang='lat' dir='ltr'><strong>Tridentino</strong></span> <span class='ocrx_word' id='word_1_223' title='bbox 824 2678 903 2755; x_wconf 84' lang='lat' dir='ltr'><strong>(sess.</strong></span> <span class='ocrx_word' id='word_1_224' title='bbox 924 2680 953 2738; x_wconf 74' lang='grc'><strong>5.</strong></span> <span class='ocrx_word' id='word_1_225' title='bbox 974 2697 1001 2738; x_wconf 85' lang='lat' dir='ltr'><strong>e.</strong></span> <span class='ocrx_word' id='word_1_226' title='bbox 1016 2678 1062 2758; x_wconf 75' lang='lat'><strong>2.)</strong></span> <span class='ocrx_word' id='word_1_227' title='bbox 1081 2679 1208 2739; x_wconf 84' lang='lat' dir='ltr'><strong>omiserit</strong></span> 
     </span>
     <span class='ocr_line' id='line_1_29' title="bbox 206 2759 1208 2841; baseline -0.006 -14"><span class='ocrx_word' id='word_1_228' title='bbox 206 2761 312 2827; x_wconf 76' lang='lat' dir='ltr'><strong>docere</strong></span> <span class='ocrx_word' id='word_1_229' title='bbox 340 2763 443 2823; x_wconf 69' lang='lat' dir='ltr'><strong>uitem</strong></span> <span class='ocrx_word' id='word_1_230' title='bbox 461 2764 504 2823; x_wconf 74' lang='lat' dir='ltr'><strong>&#39;in</strong></span> <span class='ocrx_word' id='word_1_231' title='bbox 532 2764 693 2824; x_wconf 84' lang='lat' dir='ltr'><strong>substantia</strong></span> <span class='ocrx_word' id='word_1_232' title='bbox 716 2779 784 2822; x_wconf 86' lang='lat' dir='ltr'><strong>sues</strong></span> <span class='ocrx_word' id='word_1_233' title='bbox 803 2759 1016 2841; x_wconf 79' lang='lat' dir='ltr'><strong>parochianos,</strong></span> <span class='ocrx_word' id='word_1_234' title='bbox 1039 2778 1166 2840; x_wconf 85' lang='lat' dir='ltr'><strong>pueros,</strong></span> <span class='ocrx_word' id='word_1_235' title='bbox 1180 2767 1208 2821; x_wconf 88' lang='lat' dir='ltr'><strong>et</strong></span> 
     </span>
     <span class='ocr_line' id='line_1_30' title="bbox 206 2845 1273 2925; baseline -0.003 -19"><span class='ocrx_word' id='word_1_236' title='bbox 206 2847 340 2918; x_wconf 82' lang='lat' dir='ltr'><strong>adultos,</strong></span> <span class='ocrx_word' id='word_1_237' title='bbox 354 2847 405 2924; x_wconf 92' lang='lat' dir='ltr'><strong>qui</strong></span> <span class='ocrx_word' id='word_1_238' title='bbox 419 2863 452 2905; x_wconf 88' lang='lat' dir='ltr'><strong>ea</strong></span> <span class='ocrx_word' id='word_1_239' title='bbox 470 2847 618 2924; x_wconf 82' lang='lat' dir='ltr'><strong>ignorant.</strong></span> <span class='ocrx_word' id='word_1_240' title='bbox 637 2845 721 2906; x_wconf 83' lang='lat' dir='ltr'><strong>Unde</strong></span> <span class='ocrx_word' id='word_1_241' title='bbox 736 2846 853 2923; x_wconf 88' lang='lat' dir='ltr'><strong>quoties</strong></span> <span class='ocrx_word' id='word_1_242' title='bbox 862 2845 925 2923; x_wconf 89' lang='lat' dir='ltr'><strong>ipse</strong></span> <span class='ocrx_word' id='word_1_243' title='bbox 940 2845 1022 2906; x_wconf 82' lang='lat' dir='ltr'><strong>videt</strong></span> <span class='ocrx_word' id='word_1_244' title='bbox 1034 2855 1131 2923; x_wconf 83' lang='lat' dir='ltr'><strong>patres</strong></span> <span class='ocrx_word' id='word_1_245' title='bbox 1142 2888 1150 2915; x_wconf 95' lang='lat'><strong>‚</strong></span> <span class='ocrx_word' id='word_1_246' title='bbox 1161 2853 1208 2904; x_wconf 89' lang='lat' dir='ltr'><strong>aut</strong></span> <span class='ocrx_word' id='word_1_247' title='bbox 1272 2920 1273 2925; x_wconf 8' lang='grc' dir='ltr'>η</span> 
     </span>
     <span class='ocr_line' id='line_1_31' title="bbox 206 2928 1273 2999; baseline -0.006 -6"><span class='ocrx_word' id='word_1_248' title='bbox 206 2930 350 2993; x_wconf 80' lang='lat' dir='ltr'><strong>dominos</strong></span> <span class='ocrx_word' id='word_1_249' title='bbox 362 2946 423 2988; x_wconf 89' lang='lat' dir='ltr'><strong>nun</strong></span> <span class='ocrx_word' id='word_1_250' title='bbox 441 2934 578 2989; x_wconf 84' lang='lat' dir='ltr'><strong>curantes</strong></span> <span class='ocrx_word' id='word_1_251' title='bbox 603 2929 723 2996; x_wconf 81' lang='lat' dir='ltr'><strong>mittere</strong></span> <span class='ocrx_word' id='word_1_252' title='bbox 738 2929 838 2999; x_wconf 75' lang='lat' dir='ltr'><strong>filios,</strong></span> <span class='ocrx_word' id='word_1_253' title='bbox 860 2939 913 2990; x_wconf 88' lang='lat' dir='ltr'><strong>aut</strong></span> <span class='ocrx_word' id='word_1_254' title='bbox 933 2947 1034 2990; x_wconf 83' lang='lat' dir='ltr'><strong>sersus</strong></span> <span class='ocrx_word' id='word_1_255' title='bbox 1046 2929 1085 2989; x_wconf 84' lang='lat' dir='ltr'><strong>ad</strong></span> <span class='ocrx_word' id='word_1_256' title='bbox 1101 2928 1208 2989; x_wconf 82' lang='lat' dir='ltr'><strong>doetri-</strong></span> <span class='ocrx_word' id='word_1_257' title='bbox 1272 2939 1273 2944; x_wconf 76' lang='grc'>’</span> 
     </span>
     <span class='ocr_line' id='line_1_32' title="bbox 205 3006 1272 3092; baseline -0.003 -17"><span class='ocrx_word' id='word_1_258' title='bbox 205 3033 274 3075; x_wconf 88' lang='lat' dir='ltr'><strong>nam</strong></span> <span class='ocrx_word' id='word_1_259' title='bbox 316 3020 433 3072; x_wconf 82' lang='lat' dir='ltr'><strong>tenetur</strong></span> <span class='ocrx_word' id='word_1_260' title='bbox 456 3011 676 3091; x_wconf 82' lang='lat' dir='ltr'><strong>apprehendere</strong></span> <span class='ocrx_word' id='word_1_261' title='bbox 697 3014 793 3073; x_wconf 87' lang='lat' dir='ltr'><strong>media</strong></span> <span class='ocrx_word' id='word_1_262' title='bbox 815 3023 982 3092; x_wconf 81' lang='lat' dir='ltr'><strong>opportuno</strong></span> <span class='ocrx_word' id='word_1_263' title='bbox 1000 3011 1206 3091; x_wconf 72' lang='lat' dir='ltr'><strong>apudspisco</strong></span> <span class='ocrx_word' id='word_1_264' title='bbox 1270 3006 1272 3051; x_wconf 60' lang='lat'><em>⁴</em></span> 
     </span>
     <span class='ocr_line' id='line_1_33' title="bbox 207 3092 1207 3177; baseline -0.005 -20"><span class='ocrx_word' id='word_1_265' title='bbox 207 3115 299 3177; x_wconf 88' lang='lat' dir='ltr'><strong>pum,</strong></span> <span class='ocrx_word' id='word_1_266' title='bbox 317 3093 386 3174; x_wconf 91' lang='lat' dir='ltr'><strong>qui,</strong></span> <span class='ocrx_word' id='word_1_267' title='bbox 406 3101 441 3153; x_wconf 90' lang='lat' dir='ltr'><strong>ut</strong></span> <span class='ocrx_word' id='word_1_268' title='bbox 453 3092 579 3155; x_wconf 81' lang='lat' dir='ltr'><strong>habetur</strong></span> <span class='ocrx_word' id='word_1_269' title='bbox 591 3097 622 3156; x_wconf 91' lang='lat' dir='ltr'><strong>in</strong></span> <span class='ocrx_word' id='word_1_270' title='bbox 634 3095 810 3158; x_wconf 80' lang='lat' dir='ltr'><strong>Tridentino</strong></span> <span class='ocrx_word' id='word_1_271' title='bbox 822 3113 893 3157; x_wconf 81' lang='lat' dir='ltr'><strong>sess.</strong></span> <span class='ocrx_word' id='word_1_272' title='bbox 907 3099 957 3157; x_wconf 71' lang='lat' dir='ltr'><strong>it.</strong></span> <span class='ocrx_word' id='word_1_273' title='bbox 973 3114 1040 3176; x_wconf 83' lang='lat' dir='ltr'><strong>sap.</strong></span> <span class='ocrx_word' id='word_1_274' title='bbox 1053 3097 1097 3168; x_wconf 82' lang='grc'><strong>5.,</strong></span> <span class='ocrx_word' id='word_1_275' title='bbox 1117 3100 1207 3172; x_wconf 84' lang='lat' dir='ltr'><strong>potest</strong></span> 
     </span>
     <span class='ocr_line' id='line_1_34' title="bbox 207 3173 1208 3259; baseline -0.005 -18"><span class='ocrx_word' id='word_1_276' title='bbox 207 3194 310 3259; x_wconf 78' lang='lat' dir='ltr'><strong>cogere</strong></span> <span class='ocrx_word' id='word_1_277' title='bbox 331 3177 479 3256; x_wconf 76' lang='lat' dir='ltr'><strong>genitores</strong></span> <span class='ocrx_word' id='word_1_278' title='bbox 501 3179 590 3238; x_wconf 86' lang='lat' dir='ltr'><strong>etiam</strong></span> <span class='ocrx_word' id='word_1_279' title='bbox 616 3196 671 3256; x_wconf 84' lang='lat' dir='ltr'><strong>per</strong></span> <span class='ocrx_word' id='word_1_280' title='bbox 693 3179 897 3240; x_wconf 82' lang='lat' dir='ltr'><strong>ecclesiasticas</strong></span> <span class='ocrx_word' id='word_1_281' title='bbox 920 3196 1067 3241; x_wconf 85' lang='lat' dir='ltr'><strong>censuras.</strong></span> <span class='ocrx_word' id='word_1_282' title='bbox 1089 3173 1208 3237; x_wconf 76' lang='lat' dir='ltr'><strong>Parasiti</strong></span> 
     </span>
     <span class='ocr_line' id='line_1_35' title="bbox 207 3258 1206 3342; baseline -0.005 -20"><span class='ocrx_word' id='word_1_283' title='bbox 207 3262 291 3342; x_wconf 82' lang='lat' dir='ltr'><strong>probi</strong></span> <span class='ocrx_word' id='word_1_284' title='bbox 312 3261 442 3320; x_wconf 78' lang='lat' dir='ltr'><strong>retinent</strong></span> <span class='ocrx_word' id='word_1_285' title='bbox 463 3270 563 3322; x_wconf 72' lang='lat' dir='ltr'><strong>noum</strong></span> <span class='ocrx_word' id='word_1_286' title='bbox 587 3278 750 3341; x_wconf 85' lang='lat' dir='ltr'><strong>puerorum</strong></span> <span class='ocrx_word' id='word_1_287' title='bbox 774 3271 809 3323; x_wconf 91' lang='lat' dir='ltr'><strong>ut</strong></span> <span class='ocrx_word' id='word_1_288' title='bbox 830 3263 923 3325; x_wconf 89' lang='lat' dir='ltr'><strong>sciant</strong></span> <span class='ocrx_word' id='word_1_289' title='bbox 943 3280 993 3325; x_wconf 91' lang='lat' dir='ltr'><strong>eos</strong></span> <span class='ocrx_word' id='word_1_290' title='bbox 1016 3261 1067 3340; x_wconf 88' lang='lat' dir='ltr'><strong>qui</strong></span> <span class='ocrx_word' id='word_1_291' title='bbox 1091 3258 1206 3319; x_wconf 87' lang='lat' dir='ltr'><strong>desunt.</strong></span> 
     </span>
     <span class='ocr_line' id='line_1_36' title="bbox 208 3340 1209 3425; baseline -0.002 -20"><span class='ocrx_word' id='word_1_292' title='bbox 208 3343 302 3405; x_wconf 76' lang='lat' dir='ltr'><strong>immo</strong></span> <span class='ocrx_word' id='word_1_293' title='bbox 329 3342 401 3405; x_wconf 88' lang='lat' dir='ltr'><strong>dicit</strong></span> <span class='ocrx_word' id='word_1_294' title='bbox 420 3344 509 3404; x_wconf 74' lang='lat' dir='ltr'><strong>crate</strong></span> <span class='ocrx_word' id='word_1_295' title='bbox 528 3340 550 3405; x_wconf 83' lang='lat' dir='ltr'><strong>l.</strong></span> <span class='ocrx_word' id='word_1_296' title='bbox 566 3346 596 3405; x_wconf 75' lang='lat'><strong>2.</strong></span> <span class='ocrx_word' id='word_1_297' title='bbox 619 3362 671 3425; x_wconf 82' lang='lat' dir='ltr'><strong>qu.</strong></span> <span class='ocrx_word' id='word_1_298' title='bbox 695 3346 764 3406; x_wconf 79' lang='grc'><strong>119.</strong></span> <span class='ocrx_word' id='word_1_299' title='bbox 781 3352 811 3407; x_wconf 87' lang='lat' dir='ltr'><strong>et</strong></span> <span class='ocrx_word' id='word_1_300' title='bbox 831 3342 853 3406; x_wconf 83' lang='lat' dir='ltr'><strong>i.</strong></span> <span class='ocrx_word' id='word_1_301' title='bbox 875 3347 914 3409; x_wconf 71' lang='grc'><strong>5.</strong></span> <span class='ocrx_word' id='word_1_302' title='bbox 926 3365 959 3424; x_wconf 84' lang='lat' dir='ltr'><strong>p.</strong></span> <span class='ocrx_word' id='word_1_303' title='bbox 982 3346 1012 3406; x_wconf 86' lang='grc'><strong>1.</strong></span> <span class='ocrx_word' id='word_1_304' title='bbox 1034 3363 1068 3405; x_wconf 81' lang='lat' dir='ltr'><strong>a.</strong></span> <span class='ocrx_word' id='word_1_305' title='bbox 1094 3343 1166 3403; x_wconf 82' lang='grc'><strong>767.</strong></span> <span class='ocrx_word' id='word_1_306' title='bbox 1185 3343 1209 3403; x_wconf 87' lang='lat' dir='ltr'><strong>si</strong></span> 
     </span>
     <span class='ocr_line' id='line_1_37' title="bbox 207 3425 1209 3508; baseline -0.001 -22"><span class='ocrx_word' id='word_1_307' title='bbox 207 3435 308 3488; x_wconf 75' lang='lat' dir='ltr'><strong>extent</strong></span> <span class='ocrx_word' id='word_1_308' title='bbox 330 3443 463 3505; x_wconf 75' lang='lat' dir='ltr'><strong>persone</strong></span> <span class='ocrx_word' id='word_1_309' title='bbox 480 3429 586 3507; x_wconf 84' lang='lat' dir='ltr'><strong>aliquas</strong></span> <span class='ocrx_word' id='word_1_310' title='bbox 606 3427 717 3500; x_wconf 81' lang='lat' dir='ltr'><strong>rados,</strong></span> <span class='ocrx_word' id='word_1_311' title='bbox 744 3447 811 3507; x_wconf 76' lang='lat' dir='ltr'><strong>que</strong></span> <span class='ocrx_word' id='word_1_312' title='bbox 831 3437 980 3508; x_wconf 82' lang='lat' dir='ltr'><strong>nequeant</strong></span> <span class='ocrx_word' id='word_1_313' title='bbox 998 3427 1037 3488; x_wconf 85' lang='lat' dir='ltr'><strong>ad</strong></span> <span class='ocrx_word' id='word_1_314' title='bbox 1054 3425 1209 3487; x_wconf 78' lang='lat' dir='ltr'><strong>Ecclesiam</strong></span> 
     </span>
     <span class='ocr_line' id='line_1_38' title="bbox 169 3509 1208 3588; baseline 0.007 -23"><span class='ocrx_word' id='word_1_315' title='bbox 169 3521 175 3532; x_wconf 76' lang='grc'><em>’</em></span> <span class='ocrx_word' id='word_1_316' title='bbox 207 3510 330 3581; x_wconf 80' lang='lat' dir='ltr'><strong>uenire,</strong></span> <span class='ocrx_word' id='word_1_317' title='bbox 350 3525 387 3568; x_wconf 86' lang='lat' dir='ltr'><strong>ex</strong></span> <span class='ocrx_word' id='word_1_318' title='bbox 412 3526 447 3569; x_wconf 90' lang='lat' dir='ltr'><strong>eo</strong></span> <span class='ocrx_word' id='word_1_319' title='bbox 469 3510 538 3588; x_wconf 85' lang='lat' dir='ltr'><strong>quia</strong></span> <span class='ocrx_word' id='word_1_320' title='bbox 556 3509 668 3587; x_wconf 72' lang='lat' dir='ltr'><strong>debeat</strong></span> <span class='ocrx_word' id='word_1_321' title='bbox 683 3512 833 3578; x_wconf 79' lang='lat' dir='ltr'><strong>custodire</strong></span> <span class='ocrx_word' id='word_1_322' title='bbox 854 3512 979 3586; x_wconf 84' lang='lat' dir='ltr'><strong>domos,</strong></span> <span class='ocrx_word' id='word_1_323' title='bbox 1002 3518 1057 3572; x_wconf 72' lang='lat' dir='ltr'><strong>&#39;out</strong></span> <span class='ocrx_word' id='word_1_324' title='bbox 1082 3518 1208 3587; x_wconf 59' lang='lat' dir='ltr'><strong>gregat</strong></span> 
     </span>
     <span class='ocr_line' id='line_1_39' title="bbox 206 3584 1208 3677; baseline 0.009 -32"><span class='ocrx_word' id='word_1_325' title='bbox 206 3584 231 3645; x_wconf 85' lang='lat' dir='ltr'><strong>si</strong></span> <span class='ocrx_word' id='word_1_326' title='bbox 248 3586 307 3649; x_wconf 79' lang='lat' dir='ltr'><strong>ilie</strong></span> <span class='ocrx_word' id='word_1_327' title='bbox 322 3591 448 3654; x_wconf 85' lang='lat' dir='ltr'><strong>existant</strong></span> <span class='ocrx_word' id='word_1_328' title='bbox 465 3592 498 3655; x_wconf 89' lang='lat' dir='ltr'><strong>in</strong></span> <span class='ocrx_word' id='word_1_329' title='bbox 519 3594 604 3674; x_wconf 72' lang='lat' dir='ltr'><strong>psai</strong></span> <span class='ocrx_word' id='word_1_330' title='bbox 624 3596 796 3658; x_wconf 69' lang='lat' dir='ltr'><strong>necesitate</strong></span> <span class='ocrx_word' id='word_1_331' title='bbox 816 3594 987 3677; x_wconf 83' lang='lat' dir='ltr'><strong>spirituali,</strong></span> <span class='ocrx_word' id='word_1_332' title='bbox 1010 3592 1100 3656; x_wconf 87' lang='lat' dir='ltr'><strong>debet</strong></span> <span class='ocrx_word' id='word_1_333' title='bbox 1124 3606 1208 3670; x_wconf 82' lang='lat' dir='ltr'><strong>para-</strong></span> 
     </span>
    </p>
   </div>
   <div class='ocr_carea' id='block_1_4' title="bbox 0 0 1326 4167">
    <p class='ocr_par' dir='ltr' id='par_1_5' title="bbox 0 0 1326 4167">
     <span class='ocr_line' id='line_1_40' title="bbox 0 0 1326 4167; baseline 0 1"><span class='ocrx_word' id='word_1_334' title='bbox 0 0 1326 4167; x_wconf 95' lang='lat' dir='ltr'><strong> </strong></span> 
     </span>
    </p>
   </div>
  </div>
 </body>
</html>
