2642 4167
335 234 406 319 dorp.
417 238 451 297 ⁴2.
468 233 512 297 De
523 231 836 301 sacraturum-ortatu
848 236 881 299 ia
890 255 1003 320 ponere.
1112 242 1180 303 *nto

167 337 387 417 sumptionem,
402 337 460 414 quet
478 353 538 396 non
555 344 674 396 vocotus
687 338 718 397 in
731 356 847 399 sacrum
870 340 1067 401 ministerium
1078 358 1109 401 se
1131 341 1177 401 in-

166 423 280 493 trudit,
298 428 332 481 ut
351 421 437 480 aits.
450 417 627 481 Anscimns:
640 421 701 496 Qui
710 422 789 482 enim
800 440 830 482 se
844 422 967 504 inponit,
981 432 1010 485 et
1023 423 1175 506 propriam

162 504 291 588 plocium
307 502 432 583 decutit,
445 506 552 585 pratia
565 502 624 564 Dei
640 505 782 585 rapinam
794 503 885 587 sacit5
904 516 932 567 et
956 507 1019 572 ideo
1030 527 1090 569 non
1101 512 1175 569 aeci·

164 590 211 671 pit
223 587 448 652 benedictionem
460 632 468 658 ,
487 586 538 649 scd
549 585 783 651 maledictionem
796 613 806 650 .·
818 590 881 652 tium
893 592 931 652 ob
947 610 1088 671 magnum
1102 594 1175 671 peri·

164 675 266 736 culum
293 672 508 742 damnationis,
533 673 579 731 cui
596 690 628 731 se
652 676 798 751 exponit,
816 683 850 735 ut
877 676 1024 753 sapienter
1041 676 1175 753 loquitor

164 758 325 836 Episcopus
340 752 443 835 Atetty
457 778 469 814 .·
482 755 542 829 Qut
552 757 645 817 cutem
656 800 666 829 ,
677 755 763 818 tendo
774 756 884 818 divina
900 758 1062 820 vocationis
1072 758 1175 820 tatem

164 843 280 903 ratione
292 886 300 913 ‚
314 858 344 902 se
357 841 389 900 in
404 840 598 900 sacerdotium
612 840 793 914 intruderet,
811 840 894 906 leand
906 841 992 906 tutte
1004 842 1132 923 seipsam
1142 844 1176 903 ia

163 934 302 1007 opertum
320 922 426 986 salotis
441 923 596 985 descrimen
617 925 758 1005 injiceret.
774 929 811 987 Et
829 927 911 989 tanto
932 928 1024 1006 magis
1046 928 1175 1007 graviter

163 1019 286 1091 peccant
296 1010 447 1087 Episcopi,
465 1011 516 1087 qui
540 1011 611 1069 tales
633 1009 672 1069 nd
694 1011 813 1072 ordines
828 1012 1007 1083 admittunt,
1027 1021 1175 1089 transgre-

163 1095 273 1157 diendo
288 1105 467 1173 preceptum
479 1093 553 1154 illud
570 1094 701 1171 Apostoli
715 1116 724 1153 ε
736 1098 849 1156 Menas
861 1096 918 1156 cito
930 1114 966 1155 ne
981 1094 1172 1176 imposueris,

164 1198 258 1260 nepae
279 1178 539 1240 cenomanicoceris
550 1181 675 1259 peccatis
692 1177 808 1241 alienia.
823 1183 852 1241 t.
871 1182 946 1241 Tim.
959 1182 988 1241 t.
1001 1181 1072 1254 Quin
1085 1179 1173 1240 verim

164 1264 357 1343 exponenss.
372 1261 445 1338 Lc‘o,
461 1259 597 1343 Epistola
617 1266 644 1324 i.
665 1261 754 1343 (atim
773 1264 887 1342 ettad
904 1263 999 1344 Afric.
1022 1266 1052 1324 2.
1076 1264 1172 1325 dieite

166 1347 248 1424 Quid
263 1355 307 1408 est
318 1348 531 1410 contntttttt'ectre
541 1346 668 1427 peccatis
681 1346 805 1422 alienis,
823 1349 885 1411 nisi
902 1346 990 1410 talem
1002 1346 1078 1430 effici
1093 1348 1174 1410 ordi·

163 1442 304 1504 ecccntem,
328 1429 427 1512 quatis
448 1437 489 1491 est
508 1428 558 1491 itte
576 1433 630 1513 qui
648 1451 708 1493 non
725 1434 834 1494 meruit
843 1433 1004 1495 ordinari?
1016 1431 1084 1493 ideo
1101 1434 1132 1491 in
1146 1451 1172 1494 c.

163 1513 297 1588 Nullos,
312 1515 381 1575 dc'st.
395 1519 443 1576 nt.
460 1515 597 1576 uniuersi
613 1517 762 1597 Episcopis
773 1519 945 1597 precipitur
956 1561 964 1588 ,
976 1511 1088 1578 Nottm
1099 1514 1173 1580 ordi·

162 1609 269 1673 netur,
283 1599 346 1660 nisi
354 1600 495 1680 probatas
506 1598 609 1677 fecerit.

200 1688 251 1746 to.
263 1718 301 1731 -
313 1687 410 1745 Ret'ert
419 1682 466 1746 hie
475 1694 573 1745 autem
582 1684 639 1745 uni
647 1685 885 1745 simulonnotare
895 1685 1033 1764 ,quinam
1044 1699 1081 1744 ex
1097 1700 1173 1761 pete·

163 1770 252 1832 dictis
262 1767 415 1846 illegitime
422 1768 549 1828 ordinati
560 1769 782 1846 suspensionem
794 1769 856 1846 ipso
866 1769 940 1828 secto
949 1770 1112 1829 incurrunt.
1123 1768 1173 1828 lu·

163 1854 382 1931 corrumpent
391 1852 640 1913 ordinantursine
651 1852 825 1914 dimissoriis
834 1854 879 1912 sui
887 1853 1100 1925 ordinarium}
1109 1854 1172 1912 sine

164 1939 229 2017 ejus
238 1937 346 1998 litteris
359 1935 624 2008 testimonialibus,
643 1935 712 1996 eum
726 1936 902 1997 ordinantur
913 1937 951 1998 ab
960 1938 1107 2017 -Episcopo
1119 1936 1170 1998 be-

163 2022 274 2084 neficii.
289 2024 319 2082 2.
336 2021 393 2095 Qui
414 2020 588 2080 eodemdie
606 2021 680 2081 duos
692 2039 788 2081 sacros
812 2021 930 2082 ordines
952 2021 1127 2101 suscipiunt.
1139 2023 1169 2084 5„

163 2108 221 2181 Qui
235 2107 412 2168 ordinentur
426 2114 507 2165 extro
520 2115 665 2183 temporo.
677 2107 775 2180 noui
790 2106 967 2170 ordinantur
981 2109 1018 2169 nb
1029 2109 1170 2187 Episcopo
1269 2100 1272 2110 '

163 2192 349 2253 monente-in
364 2190 458 2250 olienr
468 2188 606 2262 dioeresi,
624 2193 688 2252 sine
701 2192 818 2252 lieentia
834 2194 967 2272 Episcopi
981 2194 1050 2254 loci.
1068 2195 1096 2253 5.
1111 2194 1168 2268 Qui

95 2338 98 2342 ,
162 2277 290 2336 scienter
304 2274 480 2336 ordinantur
492 2283 560 2334 ento
572 2275 732 2354 legitimam
743 2287 869 2338 oetatem.
885 2281 914 2337 o.
923 2279 979 2351 Qui
994 2277 1170 2358 ordinantur

163 2378 217 2438 per
230 2359 357 2430 saltum,
373 2359 480 2417 omisso
492 2358 596 2420 ordine
612 2354 798 2439 precedenti.
810 2361 892 2422 Adde
906 2364 1012 2445 ultimo
1023 2362 1104 2432 loco,
1117 2362 1168 2438 qui

162 2443 320 2504 ordinatur
338 2459 391 2521 per
404 2443 578 2519 simoniam
589 2443 727 2515 tricentur
739 2454 840 2506 monet
853 2448 915 2523 ipso
925 2446 1000 2506 sueto
1013 2462 1168 2522 suspensus

163 2528 202 2588 ab
214 2528 321 2588 ordine
342 2526 501 2588 simoniaci
520 2539 655 2607 suscepto
669 2574 678 2603 ,
694 2539 724 2589 et
744 2530 906 2608 impeditur
925 2530 962 2589 ub
986 2528 1167 2594 ascendendo

160 2612 201 2671 nd
218 2614 387 2689 superiores
399 2633 409 2688 3
423 2611 452 2690 id
473 2621 570 2673 tomen
592 2631 652 2674 nou
671 2615 782 2689 currit,
801 2614 826 2672 si
850 2613 977 2672 simonio
999 2613 1109 2674 elo-elio
1129 2616 1167 2680 rit

159 2696 504 2776 commisse,iguorente
513 2695 750 2777 ordinantem
759 2694 779 2756 t.
795 2699 825 2757 t.
838 2715 870 2756 n.
883 2696 975 2773 totu.
1203 2697 1215 2714 “

457 2898 462 2905 ·
568 2855 690 2940 conor
712 2863 782 2939 m,

479 3056 516 3101 DE
534 3056 683 3101 onntnmus
704 3058 733 3100 m
753 3057 856 3102 sutem.

479 3301 485 3306 ᾖ
545 3211 751 3272 enitentes
763 3213 789 3271 Ι.

475 3375 530 3450 De
546 3378 663 3477 primu
680 3378 856 3454 Tonsura.

162 3533 239 3629 noia
247 3563 343 3632 primo
353 3565 504 3619 saniora?
514 3572 587 3619 etan
596 3567 633 3619 eit
647 3566 742 3620 ordo?
755 3567 827 3632 Quid
841 3567 865 3620 si
875 3567 937 3637 quio
948 3567 1097 3623 ordinator
1108 3570 1166 3625 eine

231 3636 377 3692 tonsura?
385 3642 427 3692 et.
437 3637 587 3707 Prioilepia
597 3640 745 3696 tonsurati.
753 3645 793 3697 te.
804 3644 843 3698 De
853 3641 1021 3712 otiipatione
1030 3643 1166 3711 deserendi
