2642 4167
160 184 219 246 328
353 181 488 264 Epitome
502 179 641 245 doctrino
654 177 774 243 moralis
793 187 822 242 et
839 180 985 242 cononice

161 284 300 346 ritorium
315 293 481 363 separatum
501 281 640 345 babentes
660 301 729 343 eum
743 282 812 343 veri
824 283 964 360 qualitate
977 279 1099 345 Nullius
1113 329 1122 357 ,
1137 295 1170 346 et

162 369 255 430 activa
274 367 479 446 jurisdictione
495 369 527 428 in
551 370 682 435 clerum,
698 376 728 426 et
752 367 906 446 populum.
921 369 964 427 lta
984 367 1076 427 sancit
1087 370 1169 428 Pon·

164 452 234 512 tilex
250 454 302 512 sud
316 453 552 525 Constitutione,
566 451 626 512 Pio
644 453 764 523 Mater,
777 450 855 511 edita
867 468 945 511 anno
959 451 1057 525 llil,
1074 452 1169 513 Nonis

163 537 291 616 Aprilis,
311 537 342 596 in
359 537 416 615 qud
435 537 523 597 etiam
545 537 638 596 ritum
655 533 745 612 hujus
758 534 968 595 benedictionis
985 534 1107 612 praebet.

202 621 358 699 Episcopus
387 621 418 680 in
443 620 494 680 sud
518 619 636 698 Synodo
668 637 729 679 non
763 627 861 696 potest
889 617 1009 696 quidem
1042 618 1169 680 delinire

163 707 340 782 qttoestiones
366 706 403 765 de
431 705 490 766 lide
509 750 518 778 ,
540 704 591 764 sed
620 703 778 782 probibere
798 713 894 783 potest
912 721 1029 762 errores
1048 703 1110 780 jam
1129 705 1168 764 ab

164 789 289 851 Ecclesia
310 792 508 869 proscriptos,
525 796 557 849 ut
583 807 620 849 ex
640 785 787 852 Goaaoiez
806 789 839 848 in
857 807 919 867 cap.
949 789 1052 850 Vestro
1073 788 1168 850 dedu·

164 871 251 934 citur.
268 876 311 934 De
323 876 393 954 Syn.
414 876 506 935 Dioec.
525 875 547 934 l.
560 875 589 934 u.
602 893 628 933 c.
641 874 677 934 5,
686 892 717 933 u.
729 875 760 933 7.
1079 905 1083 913 ·

202 958 351 1037 Episcopis
380 960 410 1018 iu
428 959 546 1038 Synodo
575 959 617 1018 las
643 967 769 1019 estnon
799 957 919 1037 quidem
950 975 1016 1018 rem
1039 958 1170 1036 aliquam

164 1039 242 1099 inter
259 1042 323 1100 Dl).
348 1051 566 1102 controversam
588 1041 738 1113 delinire,
762 1046 814 1101 sed
844 1043 958 1122 praxim
987 1041 1168 1120 probibere,

165 1122 209 1183 uti
229 1143 264 1184 ex
287 1143 333 1204 gr.
348 1144 408 1186 non
425 1127 493 1186 lieet
508 1127 565 1187 illis
576 1127 767 1205 pronuntiare
779 1152 797 1198 ‚·
808 1125 908 1186 utrdm
924 1125 1031 1204 jejunii
1045 1127 1170 1185 essentia

164 1209 196 1268 in
230 1209 406 1270 abstinentia
430 1210 447 1271 d
472 1212 610 1272 carnibus
637 1220 698 1271 tota
725 1213 886 1286 consistat,
912 1213 962 1271 sed
990 1211 1171 1269 etiam'ante

165 1292 277 1354 bullam
298 1293 407 1356 Beued.
422 1298 512 1358 XIV.
527 1294 576 1372 jus
597 1297 655 1356 illis
675 1296 730 1356 luit
744 1297 917 1374 injungere,
944 1305 976 1356 ιιι
990 1297 1040 1373 qui
1059 1297 1173 1372 dispen-

165 1380 308 1440 sationem
330 1380 366 1439 ad
387 1399 487 1440 carnes
505 1381 608 1442 dicbus
619 1381 726 1458 jejunii
745 1382 870 1440 edendas
883 1381 1091 1450 obtinuerant,
1103 1380 1173 1439 uni·

165 1483 230 1525 eam
255 1468 463 1526 comestionem
484 1477 646 1527 servarent.
663 1469 705 1526 Dc
726 1468 798 1545 Syn.
815 1468 904 1527 llioec.
918 1467 939 1527 l.
960 1469 991 1527 7.
1008 1488 1035 1526 c.
1049 1469 1079 1525 5.
1093 1485 1126 1524 n.
1141 1469 1169 1524 l.

206 1550 344 1628 Episcopo
363 1569 397 1611 er
410 1551 507 1630 eptkit
519 1551 559 1610 ins
570 1561 613 1610 est
625 1551 799 1627 aliquando.
812 1552 841 1609 in
858 1553 892 1610 iis
906 1552 1090 1628 praesertim,
1105 1567 1172 1625 quaa

167 1633 338 1694 dilationem
366 1654 426 1695 non
454 1636 627 1714 patiuntur,
653 1653 707 1695 nee
725 1634 761 1693 de
785 1635 892 1711 quibus
922 1632 1005 1693 lucilla
1034 1634 1174 1692 Summus

167 1717 300 1777 Pontifex
324 1719 438 1778 consuli
468 1728 585 1798 potest,
617 1719 693 1778 eirea
715 1717 764 1795 jus
790 1736 946 1777 commune
963 1716 1117 1785 relaxare,
1139 1722 1178 1772 ιιιΙ

168 1800 298 1863 decisum
321 1801 337 1860 l
366 1804 396 1864 S.
417 1805 562 1881 congreg.
584 1803 708 1864 concilii
731 1804 866 1862 relcrtur.
886 1804 930 1861 De
953 1801 1071 1880 Synodo
1093 1801 1174 1859 Dioe·

166 1903 287 1954 cesana,
303 1884 380 1945 libro
398 1887 445 1947 ld.
470 1905 534 1965 cap.
550 1889 579 1947 8.
596 1905 679 1945 num.
701 1889 728 1945 l.
746 1886 778 1946 ld
801 1895 899 1945 tannen
919 1885 1037 1944 nonnisi
1058 1885 1090 1942 in
1106 1900 1173 1960 spe·

168 1968 232 2026 ciali
254 1986 356 2027 rerum
387 1970 532 2039 articulo,
560 1988 657 2047 neque
678 1971 712 2030 ed
738 1969 775 2028 de
798 1988 831 2029 re
847 1978 990 2028 statutum
1010 1967 1175 2026 universale

166 2051 324 2111 concedere
338 2051 456 2130 pot'est',
473 2062 507 2112 ut
522 2071 557 2112 ex
574 2055 722 2113 communi
741 2055 805 2111 DD.
825 2053 901 2112 ibid.
917 2071 947 2112 a.
961 2054 992 2110 Ξ.

205 2134 250 2193 Ad
264 2136 459 2195 dioecesanum
480 2137 656 2216 Episcopum
680 2138 807 2214 pertinet
826 2137 966 2195 Ecclesias
978 2152 1172 2206 consecrare,

167 2220 252 2297 eique
273 2220 315 2278 las
337 2230 380 2279 est
410 2220 440 2278 id
462 2221 593 2279 nruncris
617 2221 794 2279 demandare
816 2222 900 2279 alteri
928 2221 1095 2298 Episcopo,
1115 2220 1172 2278 mi·
1258 2280 1260 2286 ,

166 2302 247 2364 nime
258 2303 329 2364 verb
341 2302 512 2382 presbytero
528 2305 615 2363 etiam
638 2322 706 2364 cum
729 2305 800 2365 oleis
822 2305 859 2363 ab
882 2305 944 2382 ipso
964 2305 1104 2382 Episcopo
1121 2303 1175 2362 bc·

167 2389 301 2449 nedictis.
329 2391 371 2457 lta
395 2407 432 2449 ex
459 2391 524 2449 DI).
548 2390 592 2449 lle
614 2389 734 2467 Synodo
756 2388 1170 2467 Dioecosann,lib.15.cap.

169 2476 218 2534 ttt.
244 2492 327 2534 num.
347 2477 377 2534 2.

206 2561 391 2619 Consecratas
405 2558 526 2637 insuper
541 2559 699 2629 Ecclesias‚
721 2567 809 2636 atque
822 2558 949 2636 pollutas
965 2575 1054 2618 nemo
1066 2567 1175 2637 practer

168 2645 342 2722 Episcopum
365 2644 559 2703 dioecesanum
581 2643 768 2703 reconciliare
786 2653 881 2721 potest
894 2687 904 2718 ,
926 2660 980 2702 nec
1003 2644 1046 2702 sas
1071 2651 1116 2702 est
1143 2645 1175 2705 id

168 2729 299 2810 carimeris
324 2728 501 2787 demandare
520 2729 692 2806 presbytero
711 2773 719 2796 ,
738 2745 914 2804 quamquam
938 2743 1007 2785 cum
1035 2727 1109 2804 aqud
1136 2729 1174 2789 ab

167 2813 308 2889 Episcopo
326 2811 487 2872 licncdictd.
502 2812 531 2870 Si
552 2820 649 2870 tumen
665 2812 787 2871 Ecclesia
802 2829 862 2869 aron
880 2810 967 2869 luerit
987 2821 1173 2884 consecrata,

140 2894 145 2901 “
167 2893 348 2954 actitantium
370 2895 520 2954 benedicta
536 2939 544 2963 ,
561 2895 681 2954 facultas
704 2895 767 2954 dari
793 2904 908 2972 potest,
929 2901 964 2952 ut
980 2912 1035 2970 per
1055 2895 1172 2971 simpli-

168 2997 229 3039 cem
252 2977 454 3049 sacerdotem,
474 2977 604 3038 ndbibitai
634 2977 747 3039 tantiam
775 2980 851 3058 aqud
880 2978 1017 3055 lustrali,
1043 2979 1169 3040 Ecclesia

168 3063 279 3142 polluta
294 3064 508 3122 reconcilietur.
522 3062 596 3123 lbid.

205 3147 347 3225 Episcopo
366 3146 528 3207 curandum
548 3156 609 3218 est,
630 3154 665 3207 ιιι
688 3148 780 3225 legata
799 3147 846 3225 pia
868 3149 1070 3227 impleantur,
1091 3149 1174 3227 quod

167 3243 303 3310 praestare
321 3234 381 3309 ipso
405 3242 519 3310 potest,
539 3232 652 3292 etiamsi
677 3232 841 3311 prohibitus
862 3232 995 3294 fuissetis
1013 3242 1172 3308 testatore,

169 3327 201 3376 ut
216 3335 251 3376 ex
268 3318 336 3394 Cap.
356 3321 421 3376 Tuo
435 3316 517 3377 leobio
530 3360 538 3388 ,
552 3315 587 3377 de
609 3325 723 3377 testona.

205 3398 290 3474 Quod
311 3401 334 3459 si
357 3407 475 3460 testator
499 3409 685 3460 executorem
713 3401 869 3480 reliquerit
898 3403 944 3463 sui
962 3402 1072 3482 legati,
1095 3406 1173 3468 etei

167 3483 200 3541 in
219 3500 305 3556 casu,
322 3502 380 3560 quo
396 3484 524 3560 segniter
540 3492 606 3562 agat
618 3528 626 3556 ,
640 3485 767 3544 alterum
779 3486 953 3562 substituat,
968 3495 1038 3547 tune
1056 3488 1173 3564 Episco-

52 3592 57 3597 ·
167 3582 243 3641 pus,
264 3567 288 3624 si
307 3566 510 3646 subdelegatus
529 3572 617 3630 etiam
635 3573 765 3648 segniter
787 3573 903 3649 egerit,
921 3589 1023 3633 carram
1049 3568 1081 3633 id
1105 3589 1173 3638 cto·
