2642 4167
308 264 336 344 ς.
352 265 389 325 ll.
404 259 543 324 Remedio
561 258 701 325 adversis
718 261 902 326 tentationes.
1034 262 1109 329 ‘tta

99 367 206 439 debat.
226 377 257 427 et
275 364 486 425 eum'metu'et
497 370 624 425 tremore
642 364 767 431 salutem
779 381 862 426 suam
877 366 1056 442 operari,ut
1068 369 1110 429 ait

98 453 274 533 Apostolus,
285 440 419 527 Philipp.
433 448 462 506 9.
475 447 524 506 49.

137 538 206 599 946.
233 535 284 594 tv.
305 528 453 592 adversius
475 528 669 590 tentationem
691 530 896 611 impatientem.
920 534 950 594 Si
971 533 1108 595 infirmus

100 639 136 683 ex
156 619 254 681 morbi
276 614 454 677 eruciatibus
471 614 655 692 impatientia
673 615 819 687 afficitur,
841 615 910 677 bule
925 619 1107 691 ostendatur,

97 712 209 784 quanta
233 711 377 778 martyres
400 716 456 777 pro
476 697 583 758 Christi
608 700 729 757 nomina
754 706 900 759 tormenta
925 701 986 761 sint
1007 704 1082 781 passi
1095 747 1105 779 ,

99 789 158 848 rivi
179 787 339 861 excoriati,
361 783 479 854 adusti,
498 781 645 841 trucidati.
662 784 698 841 Et
720 784 882 861 praesertim
903 786 930 845 ei
951 785 990 846 ab
1008 787 1108 847 oeulos

98 882 249 951 ponantur
273 868 371 928 omnia
392 886 459 945 quoe
476 867 616 926 innocens
633 868 716 925 lesus
735 874 856 945 propter
873 878 1006 929 nostrum
1026 889 1108 932 amo·

97 975 162 1015 rem
182 963 226 1014 est
246 967 408 1030 perpessae.
420 952 541 1009 Dicatur
558 960 688 1028 aegroto,
703 951 782 1027 qubd
802 951 981 1012 infirmitatis
991 953 1108 1014 dolores

96 1040 183 1098 vitari
203 1045 376 1113 nequeunt3
391 1035 470 1093 unde
480 1033 503 1091 si
515 1034 577 1111 ipse
590 1035 700 1092 invitus
716 1052 765 1093 eos
779 1036 906 1107 patitur,
918 1036 994 1097 male
1007 1056 1086 1098 nune
1094 1083 1104 1114 ,

97 1135 127 1183 et
146 1124 180 1182 in
201 1122 291 1180 altera
312 1121 371 1178 vita
384 1137 415 1178 se
427 1118 548 1202 babebit
559 1139 568 1192 ς
580 1120 604 1176 si
625 1127 725 1177 autem
742 1118 847 1177 libenti
863 1120 963 1178 animo
976 1139 1030 1199 pro
1045 1124 1107 1182 Deo

95 1212 248 1284 acceptet,
270 1223 331 1264 non
354 1202 450 1263 saliam
473 1199 521 1261 hle
543 1200 560 1262 a
583 1202 680 1263 morbi
704 1219 789 1279 poena
812 1202 976 1274 levabitur,
995 1205 1045 1264 sed
1065 1205 1105 1264 ibi

96 1288 197 1353 miuds
225 1288 387 1365 purgatorii
410 1294 556 1347 tormenta
579 1289 660 1357 luet,
685 1286 836 1363 magisque
858 1297 956 1364 postea
978 1288 1009 1348 in
1033 1289 1106 1349 roelo

94 1373 336 1435 remunerabitur
356 1391 364 1427 ε
387 1369 523 1431 Tristitia
536 1377 632 1429 uestro
648 1378 776 1430 vertetur
795 1369 993 1449 inpendium.
1012 1373 1104 1430 Joan.

95 1461 146 1519 to.
172 1459 223 1518 90.
246 1458 417 1522 Morientur.
442 1446 522 1532 quiid
548 1462 687 1513 extremae
710 1455 778 1512 vitai
799 1455 945 1513 eruciatus
974 1464 1106 1514 nostram

93 1542 246 1618 complent
267 1548 408 1598 aeternam
427 1555 587 1615 eoronam,
606 1539 747 1619 quoniam
765 1537 811 1613 (ut
830 1538 863 1596 S.
880 1539 997 1597 Bonna.
1020 1538 1106 1616 dicit)

92 1643 196 1705 poenas
217 1626 363 1703 patienter
382 1623 530 1698 tolerare,
555 1623 621 1681 aliis
645 1623 759 1681 eunetis
785 1620 923 1697 operibus
949 1621 1106 1697 perfectius

92 1726 171 1785 opus
191 1718 256 1781 est,
276 1707 360 1784 juxta
382 1707 457 1766 illud
478 1706 582 1768 iacobi
599 1729 610 1766 .·
627 1705 820 1766 Patientia...
845 1721 920 1783 opns
940 1703 1104 1785 perhetnen

91 1789 192 1852 leniet.
205 1795 273 1852 lae.
287 1792 316 1851 l.
333 1791 364 1849 4.
379 1793 415 1849 Et
434 1792 474 1850 ita
492 1792 570 1850 Deus
588 1808 655 1850 suos
668 1792 700 1850 in
716 1789 769 1848 bae
785 1790 844 1847 vita
858 1789 966 1847 amieos
980 1798 1103 1862 traotat,

92 1874 167 1935 dum
176 1871 1105 1953 eruxestnostrae'praedastinationissecuriussignum.B.Clarn

92 1975 150 2035 per·
162 1961 211 2020 98.
229 1976 321 2018 anuos
337 1958 488 2018 doloribus
501 1968 605 2018 venata
617 1959 710 2018 vitam
730 1958 826 2018 duxit.
841 1959 873 2018 S.
885 1957 1030 2019 Lidooina
1051 1976 1104 2036 per

92 2043 144 2102 58.
165 2060 259 2102 annos
275 2061 391 2121 semper
410 2042 618 2103 infirmitatum
642 2042 758 2120 pondus
778 2043 924 2103 toleravit.
944 2046 981 2103 Et
1002 2043 1102 2104 divina

92 2127 190 2186 blaten
201 2126 329 2202 quodam
345 2126 394 2185 die
404 2127 443 2184 B.
452 2127 591 2206 Birpittee
602 2128 755 2204 aegrotanti
769 2128 810 2186 sie
822 2127 897 2187 dixit
910 2148 919 2185 a
934 2125 997 2187 Seis
1010 2145 1103 2206 qnare

92 2216 147 2268 tua
164 2209 331 2289 infirmitas
345 2217 406 2270 tona
423 2209 457 2269 in
475 2207 597 2289 lonpnon
619 2208 749 2271 obierit?
771 2209 869 2282 altit.
881 2212 953 2289 qnia
967 2219 993 2270 te
1004 2210 1102 2272 antas

91 2308 195 2366 mens,
219 2300 251 2351 et
272 2310 324 2373 epo
346 2292 438 2353 nimis
461 2290 623 2372 diiipienns.
645 2296 705 2359 Nos
730 2297 853 2354 miseros
874 2296 1002 2369 viatores
1023 2296 1102 2354 inter

92 2373 184 2452 hujus
201 2378 300 2437 wadii
322 2395 469 2438 aerumnas
487 2380 644 2458 Apostolus
667 2379 750 2440 valdie
767 2380 933 2440 consolatur
951 2379 1098 2438 dioendo:

90 2460 335 2521 Momentonentn
354 2468 382 2523 et
401 2459 459 2522 lene
477 2460 678 2525 tribulationis
692 2470 835 2524 nostre...
846 2471 988 2523 oeternum
998 2458 1102 2540 ploriae

88 2542 210 2620 pendan
227 2553 367 2624 operam
386 2544 419 2606 in
441 2545 535 2606 nohi's.
549 2551 578 2608 9.
596 2551 662 2609 Cor.
677 2550 707 2608 4.
725 2549 773 2605 17.
791 2549 827 2604 Ει
839 2546 908 2605 alibi
923 2567 931 2603 z
948 2547 1018 2605 Non
1031 2553 1102 2606 sunt

88 2626 247 2707 eondepnee
257 2630 408 2710 passiones
426 2630 515 2710 honus
531 2631 669 2710 temporis
686 2629 726 2711 od
742 2629 879 2705 sntnrarn
892 2627 1019 2707 piorinon
1034 2646 1101 2707 qnia

89 2707 271 2772 revelabitur
290 2713 323 2772 in
340 2713 434 2774 nobis.
451 2717 533 2776 Rorn.
549 2717 578 2774 8.
595 2716 643 2774 l8.

129 2794 200 2853 947.
217 2796 254 2855 Et
273 2798 314 2856 sie
334 2797 454 2858 inbrmo
472 2796 574 2858 sedulii
589 2806 705 2875 oportet
722 2795 845 2857 suediae
857 2840 865 2869 ‚
878 2803 912 2856 ut
928 2793 982 2854 Dei
995 2795 1100 2854 volun·

90 2877 146 2935 tati
160 2879 386 2955 eonlormetur‚
409 2900 469 2943 nou
491 2881 586 2943 soldm
609 2883 633 2942 si
655 2882 770 2942 dolores
791 2881 922 2959 patitur,
939 2879 990 2940 sed
1011 2880 1101 2940 etiam

86 2960 116 3019 si
129 2961 235 3021 medici
253 2974 371 3037 manat,
386 2976 437 3027 aut
452 2968 615 3027 assistentes
628 2969 720 3045 ipsius
733 2986 833 3026 euram
848 2967 1010 3045 negligunt.
1025 2963 1101 3024 Hinc

86 3044 196 3106 crebri
218 3059 336 3108 moneat
356 3051 462 3120 illum,
475 3059 508 3109 ut
524 3049 614 3110 dDeo
636 3047 807 3130 patientiam
828 3050 1002 3130 expostulet.

129 3129 198 3191 948.
211 3130 249 3190 V.
266 3133 304 3191 lis
321 3135 371 3210 qui
389 3133 466 3211 aegri
479 3136 578 3195 serunt
590 3138 667 3195 mori
683 3147 742 3195 tam
757 3135 935 3202 immature,
948 3133 987 3192 ob
1001 3131 1099 3193 oeulos

82 3222 241 3292 ponantur
262 3218 415 3292 praesentis
431 3219 500 3278 vitae
516 3221 661 3292 miserim,
679 3220 882 3289 infirmitates,
901 3217 991 3276 animi
1010 3233 1100 3292 ango·

81 3312 154 3369 rm,
174 3315 228 3356 nee
245 3317 307 3358 non
328 3302 466 3379 prensandi
486 3312 516 3362 et
536 3305 735 3365 damnationis
754 3304 894 3380 pericula.
917 3298 987 3359 lded
1007 3301 1098 3359 sancti

81 3381 148 3439 viri
164 3389 224 3442 tam
237 3384 324 3445 avidi
343 3398 471 3455 mortem
483 3389 670 3467 exoptabant.
689 3390 720 3446 S.
738 3387 874 3447 Therasia
886 3384 1014 3462 ajebat:
1032 3388 1098 3446 Han
1153 3393 1170 3404 “

80 3460 168 3523 nraihi
176 3507 184 3537 ,
201 3465 276 3545 qnia
288 3469 322 3528 in
335 3470 418 3529 menni
433 3470 503 3532 aitte
523 3491 592 3533 oren
610 3477 755 3532 anonrento
772 3472 867 3529 Deum
881 3470 1013 3529 anuttere
1031 3486 1097 3548 pos·

77 3564 175 3621 sunm
188 3550 267 3610 unde
287 3554 402 3629 quoties
424 3553 610 3634 horologium
631 3554 771 3626 sonabat,
795 3554 880 3613 toties
899 3552 983 3612 raldo
1003 3561 1108 3632 gratu

75 3628 231 3707 labatur,
255 3632 292 3695 ab
316 3635 397 3715 quod
416 3637 476 3716 jain
494 3632 572 3700 bora
594 3637 683 3716 lmJ'us
702 3639 824 3716 periculi
847 3648 988 3700 transacta
1005 3648 1096 3697 asset.
