<?xml version="1.0" encoding="UTF-8"?>
<!DOCTYPE html PUBLIC "-//W3C//DTD XHTML 1.0 Transitional//EN"
    "http://www.w3.org/TR/xhtml1/DTD/xhtml1-transitional.dtd">
<html xmlns="http://www.w3.org/1999/xhtml" xml:lang="en" lang="en">
 <head>
  <title>
</title>
<meta http-equiv="Content-Type" content="text/html;charset=utf-8" />
  <meta name='ocr-system' content='tesseract 3.04.00' />
  <meta name='ocr-capabilities' content='ocr_page ocr_carea ocr_par ocr_line ocrx_word'/>
</head>
<body>
  <div class='ocr_page' id='page_1' title='image "./theologiamorali05heilgoog_0356.png"; bbox 0 0 2642 4167; ppageno 0'>
   <div class='ocr_carea' id='block_1_1' title="bbox 161 156 975 246">
    <p class='ocr_par' dir='ltr' id='par_1_1' title="bbox 161 156 975 246">
     <span class='ocr_line' id='line_1_1' title="bbox 161 156 975 246; baseline -0.014 -16"><span class='ocrx_word' id='word_1_1' title='bbox 161 166 221 230; x_wconf 67' lang='lat' dir='ltr'><strong>idi</strong></span> <span class='ocrx_word' id='word_1_2' title='bbox 357 159 642 246; x_wconf 80' lang='lat' dir='ltr'><strong>Epitoatedoclriaoe</strong></span> <span class='ocrx_word' id='word_1_3' title='bbox 657 156 975 222; x_wconf 79' lang='lat' dir='ltr'><strong>nrorciisetrononirtr</strong></span> 
     </span>
    </p>
   </div>
   <div class='ocr_carea' id='block_1_2' title="bbox 161 253 1169 430">
    <p class='ocr_par' dir='ltr' id='par_1_2' title="bbox 161 253 1169 430">
     <span class='ocr_line' id='line_1_2' title="bbox 162 253 1169 342; baseline -0.01 -15"><span class='ocrx_word' id='word_1_4' title='bbox 162 267 208 327; x_wconf 88' lang='lat' dir='ltr'><strong>nis</strong></span> <span class='ocrx_word' id='word_1_5' title='bbox 218 253 252 326; x_wconf 89' lang='lat' dir='ltr'><strong>S.</strong></span> <span class='ocrx_word' id='word_1_6' title='bbox 264 262 364 327; x_wconf 79' lang='lat' dir='ltr'><strong>blarioe</strong></span> <span class='ocrx_word' id='word_1_7' title='bbox 376 265 556 342; x_wconf 76' lang='lat' dir='ltr'><strong>Angelorum</strong></span> <span class='ocrx_word' id='word_1_8' title='bbox 566 262 603 323; x_wconf 91' lang='lat' dir='ltr'><strong>de</strong></span> <span class='ocrx_word' id='word_1_9' title='bbox 617 263 806 324; x_wconf 88' lang='lat' dir='ltr'><strong>Portiunculd</strong></span> <span class='ocrx_word' id='word_1_10' title='bbox 816 305 825 335; x_wconf 93' lang='lat'><strong>,</strong></span> <span class='ocrx_word' id='word_1_11' title='bbox 836 258 997 322; x_wconf 83' lang='lat' dir='ltr'><strong>dumrnodd</strong></span> <span class='ocrx_word' id='word_1_12' title='bbox 1010 256 1169 318; x_wconf 78' lang='lat' dir='ltr'><strong>Ecclesiam</strong></span> 
     </span>
     <span class='ocr_line' id='line_1_3' title="bbox 161 345 1048 430; baseline -0.007 -21"><span class='ocrx_word' id='word_1_13' title='bbox 161 351 255 430; x_wconf 89' lang='lat' dir='ltr'><strong>ipsam</strong></span> <span class='ocrx_word' id='word_1_14' title='bbox 269 393 277 419; x_wconf 91' lang='lat'><strong>,</strong></span> <span class='ocrx_word' id='word_1_15' title='bbox 292 356 349 408; x_wconf 92' lang='lat' dir='ltr'><strong>ctc.</strong></span> <span class='ocrx_word' id='word_1_16' title='bbox 366 346 470 408; x_wconf 70' lang='lat' dir='ltr'><strong>devote</strong></span> <span class='ocrx_word' id='word_1_17' title='bbox 484 348 684 418; x_wconf 74' lang='lat' dir='ltr'><strong>visitaverint,</strong></span> <span class='ocrx_word' id='word_1_18' title='bbox 697 347 777 406; x_wconf 89' lang='lat' dir='ltr'><strong>etde</strong></span> <span class='ocrx_word' id='word_1_19' title='bbox 796 363 878 406; x_wconf 90' lang='lat' dir='ltr'><strong>more</strong></span> <span class='ocrx_word' id='word_1_20' title='bbox 889 345 1048 405; x_wconf 81' lang='lat' dir='ltr'><strong>oraverint.</strong></span> 
     </span>
    </p>
   </div>
   <div class='ocr_carea' id='block_1_3' title="bbox 161 434 1170 682">
    <p class='ocr_par' dir='ltr' id='par_1_3' title="bbox 161 434 1170 682">
     <span class='ocr_line' id='line_1_4' title="bbox 200 434 1168 522; baseline -0.009 -20"><span class='ocrx_word' id='word_1_21' title='bbox 200 441 385 522; x_wconf 75' lang='lat' dir='ltr'><strong>indulgentia</strong></span> <span class='ocrx_word' id='word_1_22' title='bbox 399 441 528 519; x_wconf 88' lang='lat' dir='ltr'><strong>plenaria</strong></span> <span class='ocrx_word' id='word_1_23' title='bbox 552 441 583 500; x_wconf 94' lang='lat' dir='ltr'><strong>in</strong></span> <span class='ocrx_word' id='word_1_24' title='bbox 601 441 725 500; x_wconf 91' lang='lat' dir='ltr'><strong>articulo</strong></span> <span class='ocrx_word' id='word_1_25' title='bbox 748 440 852 499; x_wconf 89' lang='lat' dir='ltr'><strong>mortis</strong></span> <span class='ocrx_word' id='word_1_26' title='bbox 873 436 1039 497; x_wconf 88' lang='lat' dir='ltr'><strong>constitutis</strong></span> <span class='ocrx_word' id='word_1_27' title='bbox 1055 434 1168 495; x_wconf 83' lang='lat' dir='ltr'><strong>confes·</strong></span> 
     </span>
     <span class='ocr_line' id='line_1_5' title="bbox 161 519 1170 599; baseline -0.009 -13"><span class='ocrx_word' id='word_1_28' title='bbox 161 526 221 598; x_wconf 86' lang='lat' dir='ltr'><strong>ais,</strong></span> <span class='ocrx_word' id='word_1_29' title='bbox 243 537 276 587; x_wconf 91' lang='lat' dir='ltr'><strong>et</strong></span> <span class='ocrx_word' id='word_1_30' title='bbox 293 525 503 586; x_wconf 90' lang='lat' dir='ltr'><strong>communione</strong></span> <span class='ocrx_word' id='word_1_31' title='bbox 521 525 654 593; x_wconf 88' lang='lat' dir='ltr'><strong>reiectis,</strong></span> <span class='ocrx_word' id='word_1_32' title='bbox 681 534 711 584; x_wconf 87' lang='lat' dir='ltr'><strong>et</strong></span> <span class='ocrx_word' id='word_1_33' title='bbox 733 541 803 595; x_wconf 90' lang='lat' dir='ltr'><strong>ore,</strong></span> <span class='ocrx_word' id='word_1_34' title='bbox 818 522 865 582; x_wconf 90' lang='lat' dir='ltr'><strong>vel</strong></span> <span class='ocrx_word' id='word_1_35' title='bbox 886 523 911 581; x_wconf 90' lang='lat' dir='ltr'><strong>si</strong></span> <span class='ocrx_word' id='word_1_36' title='bbox 934 539 994 581; x_wconf 91' lang='lat' dir='ltr'><strong>non</strong></span> <span class='ocrx_word' id='word_1_37' title='bbox 1015 519 1170 599; x_wconf 89' lang='lat' dir='ltr'><strong>potuerint</strong></span> 
     </span>
     <span class='ocr_line' id='line_1_6' title="bbox 162 608 912 682; baseline -0.009 -11"><span class='ocrx_word' id='word_1_38' title='bbox 162 628 231 682; x_wconf 89' lang='lat' dir='ltr'><strong>ore,</strong></span> <span class='ocrx_word' id='word_1_39' title='bbox 247 612 349 672; x_wconf 89' lang='lat' dir='ltr'><strong>saltem</strong></span> <span class='ocrx_word' id='word_1_40' title='bbox 366 608 455 670; x_wconf 87' lang='lat' dir='ltr'><strong>eorde</strong></span> <span class='ocrx_word' id='word_1_41' title='bbox 475 627 584 669; x_wconf 91' lang='lat' dir='ltr'><strong>nomen</strong></span> <span class='ocrx_word' id='word_1_42' title='bbox 603 609 673 669; x_wconf 82' lang='lat' dir='ltr'><strong>lesu</strong></span> <span class='ocrx_word' id='word_1_43' title='bbox 694 608 912 667; x_wconf 75' lang='lat' dir='ltr'><strong>invocantibus.</strong></span> 
     </span>
    </p>
   </div>
   <div class='ocr_carea' id='block_1_4' title="bbox 162 703 1170 1124">
    <p class='ocr_par' dir='ltr' id='par_1_4' title="bbox 162 703 1170 1124">
     <span class='ocr_line' id='line_1_7' title="bbox 199 703 1170 779; baseline -0.008 -8"><span class='ocrx_word' id='word_1_44' title='bbox 199 711 395 771; x_wconf 81' lang='lat' dir='ltr'><strong>visitantibus</strong></span> <span class='ocrx_word' id='word_1_45' title='bbox 412 710 568 770; x_wconf 83' lang='lat' dir='ltr'><strong>Ecclesiam</strong></span> <span class='ocrx_word' id='word_1_46' title='bbox 579 710 673 769; x_wconf 76' lang='lat' dir='ltr'><strong>&#39;l&#39;crtii</strong></span> <span class='ocrx_word' id='word_1_47' title='bbox 686 708 829 779; x_wconf 82' lang='lat' dir='ltr'><strong>Ordinis,</strong></span> <span class='ocrx_word' id='word_1_48' title='bbox 852 725 903 766; x_wconf 89' lang='lat' dir='ltr'><strong>seu</strong></span> <span class='ocrx_word' id='word_1_49' title='bbox 920 704 1088 766; x_wconf 84' lang='lat' dir='ltr'><strong>oratorium</strong></span> <span class='ocrx_word' id='word_1_50' title='bbox 1104 703 1170 763; x_wconf 86' lang='lat' dir='ltr'><strong>sire</strong></span> 
     </span>
     <span class='ocr_line' id='line_1_8' title="bbox 162 788 1167 874; baseline -0.01 -18"><span class='ocrx_word' id='word_1_51' title='bbox 162 797 303 874; x_wconf 88' lang='lat' dir='ltr'><strong>capellam</strong></span> <span class='ocrx_word' id='word_1_52' title='bbox 330 795 434 854; x_wconf 87' lang='lat' dir='ltr'><strong>diebus</strong></span> <span class='ocrx_word' id='word_1_53' title='bbox 469 794 630 854; x_wconf 90' lang='lat' dir='ltr'><strong>stationum</strong></span> <span class='ocrx_word' id='word_1_54' title='bbox 653 795 683 852; x_wconf 94' lang='lat' dir='ltr'><strong>in</strong></span> <span class='ocrx_word' id='word_1_55' title='bbox 703 791 811 852; x_wconf 87' lang='lat' dir='ltr'><strong>blissali</strong></span> <span class='ocrx_word' id='word_1_56' title='bbox 835 793 967 851; x_wconf 89' lang='lat' dir='ltr'><strong>llamano</strong></span> <span class='ocrx_word' id='word_1_57' title='bbox 994 788 1167 865; x_wconf 73' lang='lat' dir='ltr'><strong>descriptis,</strong></span> 
     </span>
     <span class='ocr_line' id='line_1_9' title="bbox 162 875 1167 959; baseline -0.012 -17"><span class='ocrx_word' id='word_1_58' title='bbox 162 883 262 959; x_wconf 83' lang='lat' dir='ltr'><strong>ibique</strong></span> <span class='ocrx_word' id='word_1_59' title='bbox 284 881 438 941; x_wconf 90' lang='lat' dir='ltr'><strong>orantibus</strong></span> <span class='ocrx_word' id='word_1_60' title='bbox 455 880 493 939; x_wconf 92' lang='lat' dir='ltr'><strong>de</strong></span> <span class='ocrx_word' id='word_1_61' title='bbox 517 896 623 947; x_wconf 89' lang='lat' dir='ltr'><strong>more,</strong></span> <span class='ocrx_word' id='word_1_62' title='bbox 647 878 839 953; x_wconf 78' lang='lat' dir='ltr'><strong>indulgentiae</strong></span> <span class='ocrx_word' id='word_1_63' title='bbox 862 877 921 936; x_wconf 71' lang='lat' dir='ltr'><strong>illae</strong></span> <span class='ocrx_word' id='word_1_64' title='bbox 939 875 1167 942; x_wconf 87' lang='lat' dir='ltr'><strong>conceduntur,</strong></span> 
     </span>
     <span class='ocr_line' id='line_1_10' title="bbox 162 960 1166 1043; baseline -0.008 -19"><span class='ocrx_word' id='word_1_65' title='bbox 162 984 233 1043; x_wconf 93' lang='lat' dir='ltr'><strong>quas</strong></span> <span class='ocrx_word' id='word_1_66' title='bbox 246 963 392 1042; x_wconf 85' lang='lat' dir='ltr'><strong>praedictis</strong></span> <span class='ocrx_word' id='word_1_67' title='bbox 403 963 507 1024; x_wconf 92' lang='lat' dir='ltr'><strong>diebus</strong></span> <span class='ocrx_word' id='word_1_68' title='bbox 519 962 673 1023; x_wconf 82' lang='lat' dir='ltr'><strong>visitantes</strong></span> <span class='ocrx_word' id='word_1_69' title='bbox 682 962 821 1021; x_wconf 88' lang='lat' dir='ltr'><strong>Ecclesias</strong></span> <span class='ocrx_word' id='word_1_70' title='bbox 832 960 919 1020; x_wconf 82' lang='lat' dir='ltr'><strong>Urbis</strong></span> <span class='ocrx_word' id='word_1_71' title='bbox 929 1003 938 1031; x_wconf 97' lang='lat'><strong>,</strong></span> <span class='ocrx_word' id='word_1_72' title='bbox 948 968 979 1021; x_wconf 87' lang='lat' dir='ltr'><strong>et</strong></span> <span class='ocrx_word' id='word_1_73' title='bbox 992 968 1076 1018; x_wconf 81' lang='lat' dir='ltr'><strong>extra</strong></span> <span class='ocrx_word' id='word_1_74' title='bbox 1086 975 1166 1029; x_wconf 87' lang='lat' dir='ltr'><strong>eam,</strong></span> 
     </span>
     <span class='ocr_line' id='line_1_11' title="bbox 162 1057 394 1124; baseline -0.004 -16"><span class='ocrx_word' id='word_1_75' title='bbox 162 1057 394 1124; x_wconf 90' lang='lat' dir='ltr'><strong>consequuntur.</strong></span> 
     </span>
    </p>
   </div>
   <div class='ocr_carea' id='block_1_5' title="bbox 160 1144 1169 1813">
    <p class='ocr_par' dir='ltr' id='par_1_5' title="bbox 160 1144 1169 1813">
     <span class='ocr_line' id='line_1_12' title="bbox 198 1144 1168 1224; baseline -0.004 -16"><span class='ocrx_word' id='word_1_76' title='bbox 198 1147 360 1217; x_wconf 84' lang='lat' dir='ltr'><strong>Conlessis,</strong></span> <span class='ocrx_word' id='word_1_77' title='bbox 373 1157 403 1208; x_wconf 89' lang='lat' dir='ltr'><strong>et</strong></span> <span class='ocrx_word' id='word_1_78' title='bbox 417 1147 497 1208; x_wconf 87' lang='lat' dir='ltr'><strong>sacrd</strong></span> <span class='ocrx_word' id='word_1_79' title='bbox 510 1149 719 1208; x_wconf 88' lang='lat' dir='ltr'><strong>communione</strong></span> <span class='ocrx_word' id='word_1_80' title='bbox 735 1146 850 1207; x_wconf 89' lang='lat' dir='ltr'><strong>reiectis</strong></span> <span class='ocrx_word' id='word_1_81' title='bbox 863 1146 894 1205; x_wconf 93' lang='lat' dir='ltr'><strong>in</strong></span> <span class='ocrx_word' id='word_1_82' title='bbox 906 1145 980 1203; x_wconf 82' lang='lat' dir='ltr'><strong>testo</strong></span> <span class='ocrx_word' id='word_1_83' title='bbox 989 1144 1168 1224; x_wconf 81' lang='lat' dir='ltr'><strong>stigmatum</strong></span> 
     </span>
     <span class='ocr_line' id='line_1_13' title="bbox 161 1228 1169 1306; baseline -0.003 -16"><span class='ocrx_word' id='word_1_84' title='bbox 161 1233 191 1290; x_wconf 89' lang='lat' dir='ltr'><strong>S.</strong></span> <span class='ocrx_word' id='word_1_85' title='bbox 206 1230 370 1299; x_wconf 87' lang='lat' dir='ltr'><strong>Francisci,</strong></span> <span class='ocrx_word' id='word_1_86' title='bbox 388 1233 419 1289; x_wconf 89' lang='lat' dir='ltr'><strong>S.</strong></span> <span class='ocrx_word' id='word_1_87' title='bbox 441 1231 582 1290; x_wconf 78' lang='lat' dir='ltr'><strong>ludovici</strong></span> <span class='ocrx_word' id='word_1_88' title='bbox 601 1232 761 1291; x_wconf 85' lang='lat' dir='ltr'><strong>Galliarum</strong></span> <span class='ocrx_word' id='word_1_89' title='bbox 790 1231 885 1306; x_wconf 88' lang='lat' dir='ltr'><strong>regis,</strong></span> <span class='ocrx_word' id='word_1_90' title='bbox 911 1230 942 1288; x_wconf 89' lang='lat' dir='ltr'><strong>S.</strong></span> <span class='ocrx_word' id='word_1_91' title='bbox 955 1228 1103 1288; x_wconf 79' lang='lat' dir='ltr'><strong>Elisabeth</strong></span> <span class='ocrx_word' id='word_1_92' title='bbox 1120 1247 1169 1287; x_wconf 89' lang='lat' dir='ltr'><strong>re-</strong></span> 
     </span>
     <span class='ocr_line' id='line_1_14' title="bbox 160 1314 1167 1392; baseline 0 -20"><span class='ocrx_word' id='word_1_93' title='bbox 160 1316 243 1391; x_wconf 61' lang='lat' dir='ltr'><strong>ginae&#39;</strong></span> <span class='ocrx_word' id='word_1_94' title='bbox 255 1315 460 1392; x_wconf 84' lang='lat' dir='ltr'><strong>Portugallioe,</strong></span> <span class='ocrx_word' id='word_1_95' title='bbox 489 1317 619 1392; x_wconf 84' lang='lat' dir='ltr'><strong>itemque</strong></span> <span class='ocrx_word' id='word_1_96' title='bbox 642 1318 673 1374; x_wconf 90' lang='lat' dir='ltr'><strong>S.</strong></span> <span class='ocrx_word' id='word_1_97' title='bbox 689 1314 836 1374; x_wconf 84' lang='lat' dir='ltr'><strong>Elisabeth</strong></span> <span class='ocrx_word' id='word_1_98' title='bbox 854 1314 1011 1390; x_wconf 78' lang='lat' dir='ltr'><strong>ilungariae</strong></span> <span class='ocrx_word' id='word_1_99' title='bbox 1033 1315 1142 1390; x_wconf 80' lang='lat' dir='ltr'><strong>reginae</strong></span> <span class='ocrx_word' id='word_1_100' title='bbox 1157 1354 1167 1383; x_wconf 92' lang='lat'><strong>,</strong></span> 
     </span>
     <span class='ocr_line' id='line_1_15' title="bbox 161 1397 1165 1477; baseline -0.002 -19"><span class='ocrx_word' id='word_1_101' title='bbox 161 1403 192 1458; x_wconf 87' lang='lat' dir='ltr'><strong>S.</strong></span> <span class='ocrx_word' id='word_1_102' title='bbox 208 1400 371 1477; x_wconf 77' lang='lat' dir='ltr'><strong>Margaritae</strong></span> <span class='ocrx_word' id='word_1_103' title='bbox 381 1399 418 1458; x_wconf 93' lang='lat' dir='ltr'><strong>dc</strong></span> <span class='ocrx_word' id='word_1_104' title='bbox 431 1400 579 1470; x_wconf 77' lang='lat' dir='ltr'><strong>Carioni,</strong></span> <span class='ocrx_word' id='word_1_105' title='bbox 594 1410 684 1476; x_wconf 90' lang='lat' dir='ltr'><strong>atque</strong></span> <span class='ocrx_word' id='word_1_106' title='bbox 699 1397 854 1458; x_wconf 86' lang='lat' dir='ltr'><strong>duodecim</strong></span> <span class='ocrx_word' id='word_1_107' title='bbox 877 1398 943 1456; x_wconf 89' lang='lat' dir='ltr'><strong>aliis</strong></span> <span class='ocrx_word' id='word_1_108' title='bbox 956 1398 1025 1454; x_wconf 91' lang='lat' dir='ltr'><strong>anni</strong></span> <span class='ocrx_word' id='word_1_109' title='bbox 1037 1397 1165 1467; x_wconf 81' lang='lat' dir='ltr'><strong>serialis,</strong></span> 
     </span>
     <span class='ocr_line' id='line_1_16' title="bbox 160 1480 1168 1560; baseline 0 -18"><span class='ocrx_word' id='word_1_110' title='bbox 160 1484 208 1542; x_wconf 90' lang='lat' dir='ltr'><strong>vel</strong></span> <span class='ocrx_word' id='word_1_111' title='bbox 229 1484 385 1542; x_wconf 83' lang='lat' dir='ltr'><strong>dominicis</strong></span> <span class='ocrx_word' id='word_1_112' title='bbox 400 1483 504 1543; x_wconf 89' lang='lat' dir='ltr'><strong>diebus</strong></span> <span class='ocrx_word' id='word_1_113' title='bbox 515 1484 552 1542; x_wconf 90' lang='lat' dir='ltr'><strong>ad</strong></span> <span class='ocrx_word' id='word_1_114' title='bbox 571 1484 689 1543; x_wconf 89' lang='lat' dir='ltr'><strong>libitum</strong></span> <span class='ocrx_word' id='word_1_115' title='bbox 707 1482 868 1560; x_wconf 91' lang='lat' dir='ltr'><strong>eligendis,</strong></span> <span class='ocrx_word' id='word_1_116' title='bbox 880 1480 939 1540; x_wconf 77' lang='lat' dir='ltr'><strong>cta</strong></span> <span class='ocrx_word' id='word_1_117' title='bbox 957 1482 1168 1558; x_wconf 86' lang='lat' dir='ltr'><strong>Superioribus</strong></span> 
     </span>
     <span class='ocr_line' id='line_1_17' title="bbox 162 1565 1165 1645; baseline -0.003 -19"><span class='ocrx_word' id='word_1_118' title='bbox 162 1568 479 1645; x_wconf 88' lang='lat' dir='ltr'><strong>ordinisupprnbaadis</strong></span> <span class='ocrx_word' id='word_1_119' title='bbox 489 1613 498 1643; x_wconf 93' lang='lat'><strong>,</strong></span> <span class='ocrx_word' id='word_1_120' title='bbox 515 1579 544 1627; x_wconf 91' lang='lat' dir='ltr'><strong>et</strong></span> <span class='ocrx_word' id='word_1_121' title='bbox 556 1568 744 1627; x_wconf 89' lang='lat' dir='ltr'><strong>visitantibus</strong></span> <span class='ocrx_word' id='word_1_122' title='bbox 756 1586 789 1625; x_wconf 89' lang='lat' dir='ltr'><strong>ac</strong></span> <span class='ocrx_word' id='word_1_123' title='bbox 806 1566 977 1633; x_wconf 87' lang='lat' dir='ltr'><strong>orantibus,</strong></span> <span class='ocrx_word' id='word_1_124' title='bbox 998 1573 1033 1623; x_wconf 93' lang='lat' dir='ltr'><strong>ut</strong></span> <span class='ocrx_word' id='word_1_125' title='bbox 1053 1565 1140 1643; x_wconf 76' lang='lat' dir='ltr'><strong>supra</strong></span> <span class='ocrx_word' id='word_1_126' title='bbox 1155 1608 1165 1637; x_wconf 96' lang='lat'><strong>,</strong></span> 
     </span>
     <span class='ocr_line' id='line_1_18' title="bbox 161 1648 1167 1731; baseline -0.001 -23"><span class='ocrx_word' id='word_1_127' title='bbox 161 1652 292 1727; x_wconf 85' lang='lat' dir='ltr'><strong>quilibet</strong></span> <span class='ocrx_word' id='word_1_128' title='bbox 320 1669 422 1712; x_wconf 90' lang='lat' dir='ltr'><strong>carum</strong></span> <span class='ocrx_word' id='word_1_129' title='bbox 441 1653 558 1711; x_wconf 88' lang='lat' dir='ltr'><strong>dierum</strong></span> <span class='ocrx_word' id='word_1_130' title='bbox 578 1663 692 1731; x_wconf 86' lang='lat' dir='ltr'><strong>septem</strong></span> <span class='ocrx_word' id='word_1_131' title='bbox 715 1667 884 1720; x_wconf 86' lang='lat' dir='ltr'><strong>annornm,</strong></span> <span class='ocrx_word' id='word_1_132' title='bbox 901 1658 933 1708; x_wconf 90' lang='lat' dir='ltr'><strong>et</strong></span> <span class='ocrx_word' id='word_1_133' title='bbox 949 1648 1073 1708; x_wconf 87' lang='lat' dir='ltr'><strong>totidem</strong></span> <span class='ocrx_word' id='word_1_134' title='bbox 1091 1667 1167 1727; x_wconf 88' lang='lat' dir='ltr'><strong>qua·</strong></span> 
     </span>
     <span class='ocr_line' id='line_1_19' title="bbox 163 1736 576 1813; baseline 0.005 -20"><span class='ocrx_word' id='word_1_135' title='bbox 163 1736 361 1812; x_wconf 87' lang='lat' dir='ltr'><strong>dragcnnrum</strong></span> <span class='ocrx_word' id='word_1_136' title='bbox 375 1736 576 1813; x_wconf 84' lang='lat' dir='ltr'><strong>indulgentiae.</strong></span> 
     </span>
    </p>
   </div>
   <div class='ocr_carea' id='block_1_6' title="bbox 124 1844 1177 3168">
    <p class='ocr_par' dir='ltr' id='par_1_6' title="bbox 124 1844 1177 3168">
     <span class='ocr_line' id='line_1_20' title="bbox 201 1844 1167 1923; baseline 0.003 -22"><span class='ocrx_word' id='word_1_137' title='bbox 201 1844 308 1903; x_wconf 90' lang='lat' dir='ltr'><strong>ltidem</strong></span> <span class='ocrx_word' id='word_1_138' title='bbox 322 1854 442 1904; x_wconf 90' lang='lat' dir='ltr'><strong>eentum</strong></span> <span class='ocrx_word' id='word_1_139' title='bbox 465 1845 527 1904; x_wconf 92' lang='lat' dir='ltr'><strong>dics</strong></span> <span class='ocrx_word' id='word_1_140' title='bbox 548 1845 801 1923; x_wconf 82' lang='lat' dir='ltr'><strong>indulgentiarum</strong></span> <span class='ocrx_word' id='word_1_141' title='bbox 819 1845 973 1904; x_wconf 89' lang='lat' dir='ltr'><strong>lucrantur</strong></span> <span class='ocrx_word' id='word_1_142' title='bbox 990 1846 1077 1923; x_wconf 85' lang='lat' dir='ltr'><strong>toties</strong></span> <span class='ocrx_word' id='word_1_143' title='bbox 1090 1863 1167 1923; x_wconf 91' lang='lat' dir='ltr'><strong>quo·</strong></span> 
     </span>
     <span class='ocr_line' id='line_1_21' title="bbox 161 1925 1168 1999; baseline 0.004 -15"><span class='ocrx_word' id='word_1_144' title='bbox 161 1925 216 1985; x_wconf 89' lang='lat' dir='ltr'><strong>ties</strong></span> <span class='ocrx_word' id='word_1_145' title='bbox 228 1927 416 1988; x_wconf 83' lang='lat' dir='ltr'><strong>interfuerint</strong></span> <span class='ocrx_word' id='word_1_146' title='bbox 430 1930 542 1999; x_wconf 88' lang='lat' dir='ltr'><strong>missis,</strong></span> <span class='ocrx_word' id='word_1_147' title='bbox 557 1937 608 1988; x_wconf 80' lang='lat' dir='ltr'><strong>atrt</strong></span> <span class='ocrx_word' id='word_1_148' title='bbox 625 1929 734 1988; x_wconf 81' lang='lat' dir='ltr'><strong>divinis</strong></span> <span class='ocrx_word' id='word_1_149' title='bbox 754 1929 857 1989; x_wconf 87' lang='lat' dir='ltr'><strong>ciliciis</strong></span> <span class='ocrx_word' id='word_1_150' title='bbox 873 1932 903 1987; x_wconf 94' lang='lat' dir='ltr'><strong>in</strong></span> <span class='ocrx_word' id='word_1_151' title='bbox 916 1929 1042 1989; x_wconf 80' lang='lat' dir='ltr'><strong>Ecclesid</strong></span> <span class='ocrx_word' id='word_1_152' title='bbox 1054 1974 1063 1999; x_wconf 94' lang='lat'><strong>,</strong></span> <span class='ocrx_word' id='word_1_153' title='bbox 1077 1940 1108 1988; x_wconf 90' lang='lat' dir='ltr'><strong>ut</strong></span> <span class='ocrx_word' id='word_1_154' title='bbox 1120 1949 1168 1988; x_wconf 87' lang='lat' dir='ltr'><strong>su·</strong></span> 
     </span>
     <span class='ocr_line' id='line_1_22' title="bbox 161 2008 1167 2092; baseline 0.005 -24"><span class='ocrx_word' id='word_1_155' title='bbox 161 2008 213 2088; x_wconf 73' lang='lat' dir='ltr'><strong>pra</strong></span> <span class='ocrx_word' id='word_1_156' title='bbox 231 2012 411 2071; x_wconf 82' lang='lat' dir='ltr'><strong>celebrandis</strong></span> <span class='ocrx_word' id='word_1_157' title='bbox 427 2058 436 2086; x_wconf 94' lang='lat'><strong>,</strong></span> <span class='ocrx_word' id='word_1_158' title='bbox 450 2031 502 2072; x_wconf 88' lang='lat' dir='ltr'><strong>seu</strong></span> <span class='ocrx_word' id='word_1_159' title='bbox 525 2015 800 2092; x_wconf 84' lang='lat' dir='ltr'><strong>congregationibus</strong></span> <span class='ocrx_word' id='word_1_160' title='bbox 817 2014 941 2091; x_wconf 89' lang='lat' dir='ltr'><strong>publicis</strong></span> <span class='ocrx_word' id='word_1_161' title='bbox 955 2058 964 2083; x_wconf 96' lang='lat'><strong>,</strong></span> <span class='ocrx_word' id='word_1_162' title='bbox 980 2015 1027 2073; x_wconf 85' lang='lat' dir='ltr'><strong>vel</strong></span> <span class='ocrx_word' id='word_1_163' title='bbox 1043 2016 1167 2090; x_wconf 86' lang='lat' dir='ltr'><strong>privatis</strong></span> 
     </span>
     <span class='ocr_line' id='line_1_23' title="bbox 161 2094 1168 2176; baseline 0.006 -24"><span class='ocrx_word' id='word_1_164' title='bbox 161 2094 251 2153; x_wconf 82' lang='lat' dir='ltr'><strong>Tertii</strong></span> <span class='ocrx_word' id='word_1_165' title='bbox 275 2094 404 2170; x_wconf 87' lang='lat' dir='ltr'><strong>ejusdem</strong></span> <span class='ocrx_word' id='word_1_166' title='bbox 422 2096 646 2157; x_wconf 88' lang='lat' dir='ltr'><strong>Ordinisubivis</strong></span> <span class='ocrx_word' id='word_1_167' title='bbox 660 2098 819 2171; x_wconf 74' lang='lat' dir='ltr'><strong>faciendis,</strong></span> <span class='ocrx_word' id='word_1_168' title='bbox 835 2095 903 2156; x_wconf 84' lang='lat' dir='ltr'><strong>crim</strong></span> <span class='ocrx_word' id='word_1_169' title='bbox 919 2116 1059 2176; x_wconf 88' lang='lat' dir='ltr'><strong>pauperes</strong></span> <span class='ocrx_word' id='word_1_170' title='bbox 1071 2097 1168 2176; x_wconf 84' lang='lat' dir='ltr'><strong>hospi·</strong></span> 
     </span>
     <span class='ocr_line' id='line_1_24' title="bbox 161 2178 1163 2260; baseline 0.005 -23"><span class='ocrx_word' id='word_1_171' title='bbox 161 2178 203 2238; x_wconf 87' lang='lat' dir='ltr'><strong>tio</strong></span> <span class='ocrx_word' id='word_1_172' title='bbox 229 2181 430 2256; x_wconf 84' lang='lat' dir='ltr'><strong>susceperint,</strong></span> <span class='ocrx_word' id='word_1_173' title='bbox 460 2199 560 2259; x_wconf 88' lang='lat' dir='ltr'><strong>pacem</strong></span> <span class='ocrx_word' id='word_1_174' title='bbox 581 2184 824 2259; x_wconf 88' lang='lat' dir='ltr'><strong>composuerint,</strong></span> <span class='ocrx_word' id='word_1_175' title='bbox 850 2183 897 2241; x_wconf 91' lang='lat' dir='ltr'><strong>vel</strong></span> <span class='ocrx_word' id='word_1_176' title='bbox 920 2184 1163 2260; x_wconf 88' lang='lat' dir='ltr'><strong>procuraverint,</strong></span> 
     </span>
     <span class='ocr_line' id='line_1_25' title="bbox 160 2265 1177 2345; baseline 0.004 -22"><span class='ocrx_word' id='word_1_177' title='bbox 160 2282 281 2343; x_wconf 85' lang='lat' dir='ltr'><strong>corpora</strong></span> <span class='ocrx_word' id='word_1_178' title='bbox 297 2265 501 2324; x_wconf 79' lang='lat' dir='ltr'><strong>detunctorum</strong></span> <span class='ocrx_word' id='word_1_179' title='bbox 517 2284 773 2344; x_wconf 88' lang='lat' dir='ltr'><strong>quorumcumque</strong></span> <span class='ocrx_word' id='word_1_180' title='bbox 785 2267 822 2325; x_wconf 92' lang='lat' dir='ltr'><strong>ad</strong></span> <span class='ocrx_word' id='word_1_181' title='bbox 843 2268 1025 2345; x_wconf 89' lang='lat' dir='ltr'><strong>sepulturam</strong></span> <span class='ocrx_word' id='word_1_182' title='bbox 1041 2269 1177 2328; x_wconf 87' lang='lat' dir='ltr'><strong>associa--</strong></span> 
     </span>
     <span class='ocr_line' id='line_1_26' title="bbox 160 2349 1163 2425; baseline 0.009 -19"><span class='ocrx_word' id='word_1_183' title='bbox 160 2350 278 2417; x_wconf 74' lang='lat' dir='ltr'><strong>verint,</strong></span> <span class='ocrx_word' id='word_1_184' title='bbox 299 2356 350 2407; x_wconf 92' lang='lat' dir='ltr'><strong>aut</strong></span> <span class='ocrx_word' id='word_1_185' title='bbox 370 2349 565 2425; x_wconf 87' lang='lat' dir='ltr'><strong>processiones</strong></span> <span class='ocrx_word' id='word_1_186' title='bbox 583 2349 621 2409; x_wconf 87' lang='lat' dir='ltr'><strong>de</strong></span> <span class='ocrx_word' id='word_1_187' title='bbox 639 2351 757 2410; x_wconf 84' lang='lat' dir='ltr'><strong>licentii</strong></span> <span class='ocrx_word' id='word_1_188' title='bbox 773 2351 921 2410; x_wconf 89' lang='lat' dir='ltr'><strong>Ordinarii</strong></span> <span class='ocrx_word' id='word_1_189' title='bbox 936 2352 1097 2421; x_wconf 88' lang='lat' dir='ltr'><strong>iaciendas,</strong></span> <span class='ocrx_word' id='word_1_190' title='bbox 1110 2354 1163 2416; x_wconf 91' lang='lat' dir='ltr'><strong>SS.</strong></span> 
     </span>
     <span class='ocr_line' id='line_1_27' title="bbox 159 2431 1165 2515; baseline 0.007 -23"><span class='ocrx_word' id='word_1_191' title='bbox 159 2431 346 2492; x_wconf 81' lang='lat' dir='ltr'><strong>Eucharistiae</strong></span> <span class='ocrx_word' id='word_1_192' title='bbox 359 2433 578 2493; x_wconf 73' lang='lat' dir='ltr'><strong>Sacramentum</strong></span> <span class='ocrx_word' id='word_1_193' title='bbox 597 2442 656 2492; x_wconf 92' lang='lat' dir='ltr'><strong>tam</strong></span> <span class='ocrx_word' id='word_1_194' title='bbox 678 2435 709 2493; x_wconf 91' lang='lat' dir='ltr'><strong>in</strong></span> <span class='ocrx_word' id='word_1_195' title='bbox 721 2436 975 2514; x_wconf 88' lang='lat' dir='ltr'><strong>processionibus,</strong></span> <span class='ocrx_word' id='word_1_196' title='bbox 992 2433 1081 2515; x_wconf 76' lang='lat' dir='ltr'><strong>quiam</strong></span> <span class='ocrx_word' id='word_1_197' title='bbox 1094 2435 1165 2499; x_wconf 81' lang='lat' dir='ltr'><strong>edm</strong></span> 
     </span>
     <span class='ocr_line' id='line_1_28' title="bbox 159 2516 1165 2596; baseline 0.007 -22"><span class='ocrx_word' id='word_1_198' title='bbox 159 2517 195 2575; x_wconf 90' lang='lat' dir='ltr'><strong>ad</strong></span> <span class='ocrx_word' id='word_1_199' title='bbox 213 2516 349 2576; x_wconf 87' lang='lat' dir='ltr'><strong>infirmos</strong></span> <span class='ocrx_word' id='word_1_200' title='bbox 368 2516 521 2591; x_wconf 79' lang='lat' dir='ltr'><strong>delectur,</strong></span> <span class='ocrx_word' id='word_1_201' title='bbox 543 2519 591 2577; x_wconf 77' lang='lat' dir='ltr'><strong>vel</strong></span> <span class='ocrx_word' id='word_1_202' title='bbox 608 2519 733 2587; x_wconf 87' lang='lat' dir='ltr'><strong>saltem,</strong></span> <span class='ocrx_word' id='word_1_203' title='bbox 752 2520 775 2576; x_wconf 90' lang='lat' dir='ltr'><strong>si</strong></span> <span class='ocrx_word' id='word_1_204' title='bbox 801 2519 861 2578; x_wconf 89' lang='lat' dir='ltr'><strong>sint</strong></span> <span class='ocrx_word' id='word_1_205' title='bbox 881 2517 1034 2596; x_wconf 80' lang='lat' dir='ltr'><strong>impediti,</strong></span> <span class='ocrx_word' id='word_1_206' title='bbox 1061 2520 1098 2578; x_wconf 91' lang='lat' dir='ltr'><strong>ad</strong></span> <span class='ocrx_word' id='word_1_207' title='bbox 1122 2523 1165 2580; x_wconf 91' lang='lat' dir='ltr'><strong>si-</strong></span> 
     </span>
     <span class='ocr_line' id='line_1_29' title="bbox 124 2601 1165 2683; baseline 0.003 -25"><span class='ocrx_word' id='word_1_208' title='bbox 124 2664 129 2681; x_wconf 44' lang='lat'><em>,</em></span> <span class='ocrx_word' id='word_1_209' title='bbox 159 2618 251 2678; x_wconf 89' lang='lat' dir='ltr'><strong>gnum</strong></span> <span class='ocrx_word' id='word_1_210' title='bbox 273 2619 421 2678; x_wconf 73' lang='lat' dir='ltr'><strong>campanar</strong></span> <span class='ocrx_word' id='word_1_211' title='bbox 429 2601 599 2662; x_wconf 88' lang='lat' dir='ltr'><strong>Orationem</strong></span> <span class='ocrx_word' id='word_1_212' title='bbox 615 2603 792 2663; x_wconf 86' lang='lat' dir='ltr'><strong>dominicam</strong></span> <span class='ocrx_word' id='word_1_213' title='bbox 806 2613 836 2663; x_wconf 91' lang='lat' dir='ltr'><strong>et</strong></span> <span class='ocrx_word' id='word_1_214' title='bbox 852 2603 1063 2662; x_wconf 80' lang='lat' dir='ltr'><strong>Salutationem</strong></span> <span class='ocrx_word' id='word_1_215' title='bbox 1074 2623 1165 2683; x_wconf 89' lang='lat' dir='ltr'><strong>ange-</strong></span> 
     </span>
     <span class='ocr_line' id='line_1_30' title="bbox 158 2686 1163 2767; baseline 0.003 -21"><span class='ocrx_word' id='word_1_216' title='bbox 158 2688 244 2746; x_wconf 88' lang='lat' dir='ltr'><strong>licam</strong></span> <span class='ocrx_word' id='word_1_217' title='bbox 258 2686 457 2746; x_wconf 88' lang='lat' dir='ltr'><strong>recitaverint.</strong></span> <span class='ocrx_word' id='word_1_218' title='bbox 473 2687 547 2746; x_wconf 89' lang='lat' dir='ltr'><strong>ltcm</strong></span> <span class='ocrx_word' id='word_1_219' title='bbox 567 2688 590 2747; x_wconf 90' lang='lat' dir='ltr'><strong>si</strong></span> <span class='ocrx_word' id='word_1_220' title='bbox 607 2690 764 2767; x_wconf 87' lang='lat' dir='ltr'><strong>quinquies</strong></span> <span class='ocrx_word' id='word_1_221' title='bbox 777 2689 948 2747; x_wconf 88' lang='lat' dir='ltr'><strong>Orationem</strong></span> <span class='ocrx_word' id='word_1_222' title='bbox 962 2687 1138 2755; x_wconf 88' lang='lat' dir='ltr'><strong>dominicam</strong></span> <span class='ocrx_word' id='word_1_223' title='bbox 1152 2736 1163 2763; x_wconf 97' lang='lat'><strong>,</strong></span> 
     </span>
     <span class='ocr_line' id='line_1_31' title="bbox 158 2767 1163 2852; baseline 0.004 -22"><span class='ocrx_word' id='word_1_224' title='bbox 158 2782 187 2830; x_wconf 90' lang='lat' dir='ltr'><strong>ct</strong></span> <span class='ocrx_word' id='word_1_225' title='bbox 202 2771 412 2830; x_wconf 88' lang='lat' dir='ltr'><strong>Salutationem</strong></span> <span class='ocrx_word' id='word_1_226' title='bbox 434 2772 612 2848; x_wconf 88' lang='lat' dir='ltr'><strong>angelicam,</strong></span> <span class='ocrx_word' id='word_1_227' title='bbox 632 2767 694 2832; x_wconf 78' lang='lat' dir='ltr'><strong>¹sive</strong></span> <span class='ocrx_word' id='word_1_228' title='bbox 706 2791 760 2852; x_wconf 89' lang='lat' dir='ltr'><strong>pro</strong></span> <span class='ocrx_word' id='word_1_229' title='bbox 778 2773 911 2832; x_wconf 84' lang='lat' dir='ltr'><strong>Ecclesiae</strong></span> <span class='ocrx_word' id='word_1_230' title='bbox 929 2774 1163 2846; x_wconf 87' lang='lat' dir='ltr'><strong>necessitatibus,</strong></span> 
     </span>
     <span class='ocr_line' id='line_1_32' title="bbox 157 2855 1162 2933; baseline 0.004 -18"><span class='ocrx_word' id='word_1_231' title='bbox 157 2860 219 2915; x_wconf 80' lang='lat' dir='ltr'><strong>sire</strong></span> <span class='ocrx_word' id='word_1_232' title='bbox 241 2874 296 2933; x_wconf 88' lang='lat' dir='ltr'><strong>pro</strong></span> <span class='ocrx_word' id='word_1_233' title='bbox 318 2855 462 2914; x_wconf 82' lang='lat' dir='ltr'><strong>defunctis</strong></span> <span class='ocrx_word' id='word_1_234' title='bbox 473 2856 611 2915; x_wconf 85' lang='lat' dir='ltr'><strong>iratribus</strong></span> <span class='ocrx_word' id='word_1_235' title='bbox 625 2866 655 2916; x_wconf 88' lang='lat' dir='ltr'><strong>et</strong></span> <span class='ocrx_word' id='word_1_236' title='bbox 668 2857 817 2916; x_wconf 88' lang='lat' dir='ltr'><strong>sororibus</strong></span> <span class='ocrx_word' id='word_1_237' title='bbox 828 2857 1027 2918; x_wconf 81' lang='lat' dir='ltr'><strong>recitaverint.</strong></span> <span class='ocrx_word' id='word_1_238' title='bbox 1044 2860 1119 2919; x_wconf 85' lang='lat' dir='ltr'><strong>ltenr</strong></span> <span class='ocrx_word' id='word_1_239' title='bbox 1134 2862 1162 2919; x_wconf 91' lang='lat' dir='ltr'><strong>si</strong></span> 
     </span>
     <span class='ocr_line' id='line_1_33' title="bbox 158 2939 1163 3018; baseline 0.003 -20"><span class='ocrx_word' id='word_1_240' title='bbox 158 2949 325 3018; x_wconf 86' lang='lat' dir='ltr'><strong>peccantem</strong></span> <span class='ocrx_word' id='word_1_241' title='bbox 338 2939 374 2997; x_wconf 91' lang='lat' dir='ltr'><strong>ad</strong></span> <span class='ocrx_word' id='word_1_242' title='bbox 398 2939 600 3017; x_wconf 72' lang='lat' dir='ltr'><strong>poenitentiam</strong></span> <span class='ocrx_word' id='word_1_243' title='bbox 620 2940 813 3018; x_wconf 86' lang='lat' dir='ltr'><strong>redegerint,</strong></span> <span class='ocrx_word' id='word_1_244' title='bbox 838 2940 1003 3000; x_wconf 89' lang='lat' dir='ltr'><strong>doctrinam</strong></span> <span class='ocrx_word' id='word_1_245' title='bbox 1026 2939 1163 3002; x_wconf 89' lang='lat' dir='ltr'><strong>christia-</strong></span> 
     </span>
     <span class='ocr_line' id='line_1_34' title="bbox 158 3022 1161 3107; baseline 0.004 -24"><span class='ocrx_word' id='word_1_246' title='bbox 158 3043 225 3083; x_wconf 85' lang='lat' dir='ltr'><strong>nam</strong></span> <span class='ocrx_word' id='word_1_247' title='bbox 252 3023 341 3083; x_wconf 89' lang='lat' dir='ltr'><strong>rudes</strong></span> <span class='ocrx_word' id='word_1_248' title='bbox 372 3022 536 3082; x_wconf 89' lang='lat' dir='ltr'><strong>docuerint.</strong></span> <span class='ocrx_word' id='word_1_249' title='bbox 551 3022 693 3107; x_wconf 85' lang='lat' dir='ltr'><strong>Tandem</strong></span> <span class='ocrx_word' id='word_1_250' title='bbox 710 3026 825 3102; x_wconf 89' lang='lat' dir='ltr'><strong>quotics</strong></span> <span class='ocrx_word' id='word_1_251' title='bbox 852 3043 927 3103; x_wconf 91' lang='lat' dir='ltr'><strong>opus</strong></span> <span class='ocrx_word' id='word_1_252' title='bbox 943 3025 1024 3086; x_wconf 88' lang='lat' dir='ltr'><strong>aliud</strong></span> <span class='ocrx_word' id='word_1_253' title='bbox 1042 3028 1161 3105; x_wconf 88' lang='lat' dir='ltr'><strong>pictatis</strong></span> 
     </span>
     <span class='ocr_line' id='line_1_35' title="bbox 157 3106 583 3168; baseline 0.007 -3"><span class='ocrx_word' id='word_1_254' title='bbox 157 3108 203 3167; x_wconf 88' lang='lat' dir='ltr'><strong>vcl</strong></span> <span class='ocrx_word' id='word_1_255' title='bbox 222 3106 372 3167; x_wconf 89' lang='lat' dir='ltr'><strong>charitatis</strong></span> <span class='ocrx_word' id='word_1_256' title='bbox 386 3108 583 3168; x_wconf 86' lang='lat' dir='ltr'><strong>exercuerint.</strong></span> 
     </span>
    </p>
   </div>
   <div class='ocr_carea' id='block_1_7' title="bbox 154 3201 1160 3614">
    <p class='ocr_par' dir='ltr' id='par_1_7' title="bbox 154 3201 1160 3614">
     <span class='ocr_line' id='line_1_36' title="bbox 195 3201 1160 3279; baseline 0.009 -19"><span class='ocrx_word' id='word_1_257' title='bbox 195 3201 388 3279; x_wconf 85' lang='lat' dir='ltr'><strong>indulgentiae</strong></span> <span class='ocrx_word' id='word_1_258' title='bbox 407 3219 462 3278; x_wconf 90' lang='lat' dir='ltr'><strong>pro</strong></span> <span class='ocrx_word' id='word_1_259' title='bbox 485 3201 624 3262; x_wconf 86' lang='lat' dir='ltr'><strong>iratribus</strong></span> <span class='ocrx_word' id='word_1_260' title='bbox 644 3203 739 3264; x_wconf 84' lang='lat' dir='ltr'><strong>Tertii</strong></span> <span class='ocrx_word' id='word_1_261' title='bbox 758 3204 880 3265; x_wconf 91' lang='lat' dir='ltr'><strong>Ordinis</strong></span> <span class='ocrx_word' id='word_1_262' title='bbox 903 3207 933 3266; x_wconf 90' lang='lat' dir='ltr'><strong>S.</strong></span> <span class='ocrx_word' id='word_1_263' title='bbox 950 3207 1094 3268; x_wconf 84' lang='lat' dir='ltr'><strong>Francisci</strong></span> <span class='ocrx_word' id='word_1_264' title='bbox 1119 3208 1160 3269; x_wconf 84' lang='lat' dir='ltr'><strong>de</strong></span> 
     </span>
     <span class='ocr_line' id='line_1_37' title="bbox 156 3283 1159 3370; baseline 0.008 -26"><span class='ocrx_word' id='word_1_265' title='bbox 156 3286 243 3344; x_wconf 85' lang='lat' dir='ltr'><strong>Paula</strong></span> <span class='ocrx_word' id='word_1_266' title='bbox 261 3283 490 3344; x_wconf 80' lang='lat' dir='ltr'><strong>concedunturi</strong></span> <span class='ocrx_word' id='word_1_267' title='bbox 504 3286 645 3347; x_wconf 84' lang='lat' dir='ltr'><strong>Pontifice</strong></span> <span class='ocrx_word' id='word_1_268' title='bbox 659 3289 751 3348; x_wconf 89' lang='lat' dir='ltr'><strong>instar</strong></span> <span class='ocrx_word' id='word_1_269' title='bbox 762 3286 822 3348; x_wconf 71' lang='lat' dir='ltr'><strong>lere</strong></span> <span class='ocrx_word' id='word_1_270' title='bbox 834 3288 1084 3367; x_wconf 88' lang='lat' dir='ltr'><strong>indulgentiarum</strong></span> <span class='ocrx_word' id='word_1_271' title='bbox 1101 3310 1159 3370; x_wconf 91' lang='lat' dir='ltr'><strong>pro</strong></span> 
     </span>
     <span class='ocr_line' id='line_1_38' title="bbox 155 3370 1156 3453; baseline 0.007 -24"><span class='ocrx_word' id='word_1_272' title='bbox 155 3371 231 3441; x_wconf 89' lang='lat' dir='ltr'><strong>illis,</strong></span> <span class='ocrx_word' id='word_1_273' title='bbox 245 3371 295 3447; x_wconf 91' lang='lat' dir='ltr'><strong>qui</strong></span> <span class='ocrx_word' id='word_1_274' title='bbox 306 3370 438 3429; x_wconf 86' lang='lat' dir='ltr'><strong>&#39;lertium</strong></span> <span class='ocrx_word' id='word_1_275' title='bbox 449 3370 590 3431; x_wconf 87' lang='lat' dir='ltr'><strong>Ordinem</strong></span> <span class='ocrx_word' id='word_1_276' title='bbox 601 3375 631 3433; x_wconf 90' lang='lat' dir='ltr'><strong>S.</strong></span> <span class='ocrx_word' id='word_1_277' title='bbox 646 3374 789 3432; x_wconf 87' lang='lat' dir='ltr'><strong>Francisci</strong></span> <span class='ocrx_word' id='word_1_278' title='bbox 804 3373 955 3433; x_wconf 89' lang='lat' dir='ltr'><strong>dellssisio</strong></span> <span class='ocrx_word' id='word_1_279' title='bbox 967 3375 1156 3453; x_wconf 86' lang='lat' dir='ltr'><strong>profitentur,</strong></span> 
     </span>
     <span class='ocr_line' id='line_1_39' title="bbox 154 3452 1158 3538; baseline 0.01 -26"><span class='ocrx_word' id='word_1_280' title='bbox 154 3462 275 3530; x_wconf 83' lang='lat' dir='ltr'><strong>excepto</strong></span> <span class='ocrx_word' id='word_1_281' title='bbox 300 3452 379 3530; x_wconf 82' lang='lat' dir='ltr'><strong>qudd</strong></span> <span class='ocrx_word' id='word_1_282' title='bbox 395 3455 606 3538; x_wconf 86' lang='lat' dir='ltr'><strong>indulgentiam</strong></span> <span class='ocrx_word' id='word_1_283' title='bbox 625 3457 787 3534; x_wconf 88' lang='lat' dir='ltr'><strong>plenariam</strong></span> <span class='ocrx_word' id='word_1_284' title='bbox 803 3468 1017 3536; x_wconf 88' lang='lat' dir='ltr'><strong>consequantur</strong></span> <span class='ocrx_word' id='word_1_285' title='bbox 1039 3461 1070 3520; x_wconf 90' lang='lat' dir='ltr'><strong>in</strong></span> <span class='ocrx_word' id='word_1_286' title='bbox 1082 3461 1158 3523; x_wconf 71' lang='lat' dir='ltr'><strong>iectu</strong></span> 
     </span>
     <span class='ocr_line' id='line_1_40' title="bbox 154 3537 1154 3614; baseline 0.012 -23"><span class='ocrx_word' id='word_1_287' title='bbox 154 3537 184 3592; x_wconf 92' lang='lat' dir='ltr'><strong>S.</strong></span> <span class='ocrx_word' id='word_1_288' title='bbox 199 3538 341 3597; x_wconf 66' lang='lat' dir='ltr'><strong>francisci</strong></span> <span class='ocrx_word' id='word_1_289' title='bbox 361 3537 398 3595; x_wconf 85' lang='lat' dir='ltr'><strong>dc</strong></span> <span class='ocrx_word' id='word_1_290' title='bbox 418 3539 529 3613; x_wconf 87' lang='lat' dir='ltr'><strong>Paulo,</strong></span> <span class='ocrx_word' id='word_1_291' title='bbox 554 3542 584 3599; x_wconf 92' lang='lat' dir='ltr'><strong>S.</strong></span> <span class='ocrx_word' id='word_1_292' title='bbox 598 3540 742 3601; x_wconf 84' lang='lat' dir='ltr'><strong>Francisci</strong></span> <span class='ocrx_word' id='word_1_293' title='bbox 765 3541 888 3614; x_wconf 84' lang='lat' dir='ltr'><strong>Salcsii,</strong></span> <span class='ocrx_word' id='word_1_294' title='bbox 907 3542 1102 3603; x_wconf 83' lang='lat' dir='ltr'><strong>Dedicatiouis</strong></span> <span class='ocrx_word' id='word_1_295' title='bbox 1121 3545 1154 3603; x_wconf 87' lang='lat' dir='ltr'><strong>S.</strong></span> 
     </span>
    </p>
   </div>
   <div class='ocr_carea' id='block_1_8' title="bbox 0 0 1326 4167">
    <p class='ocr_par' dir='ltr' id='par_1_8' title="bbox 0 0 1326 4167">
     <span class='ocr_line' id='line_1_41' title="bbox 0 0 1326 4167; baseline 0 2"><span class='ocrx_word' id='word_1_296' title='bbox 0 0 1326 4167; x_wconf 95' lang='lat' dir='ltr'><strong> </strong></span> 
     </span>
    </p>
   </div>
  </div>
 </body>
</html>
