2642 4167
301 310 330 390 3.
344 310 410 371 vlt.
427 309 616 372 imminentis
631 309 737 373 mortis
749 312 847 395 aigae.
1024 314 1082 377 las

83 436 124 485 ms
143 426 193 481 aut
213 414 370 496 lanugines
386 413 544 494 colligere;
564 413 710 494 frigiditas
733 414 766 478 in
784 414 924 479 extremis
944 415 1083 480 omnibus

117 505 216 566 rtibus.

83 525 176 651 midi.
200 588 289 666 Signa
310 595 412 646 umen
436 583 618 663 proximiora
642 584 819 664 expirationi
841 594 912 647 sunt
926 587 1082 666 respiratio

81 674 268 736 intermittens
281 679 333 730 aut
347 669 486 748 languida
501 689 511 746 3
526 668 651 730 deiectio
664 668 784 748 pulsus,
797 670 934 733 dentium
950 678 1083 733 eontrar-

83 758 136 830 tio,
148 758 254 818 stridor
276 777 284 815 ε
308 755 463 815 distillatio
484 754 517 815 in
540 754 625 832 gela,
644 756 712 815 lene
730 754 880 832 quoddam
898 755 1081 836 suspirium,

84 851 127 902 aut
137 843 257 921 gemitus
269 861 279 917 3
293 841 423 919 lacryma
439 855 494 917 per
507 856 539 899 se
552 837 648 900 fluens
658 860 668 916 3
678 839 739 900 oris
748 883 757 914 ,
766 840 939 916 oculorum,
951 848 983 902 et
993 840 1083 901 totius

86 925 318 1005 turpioristorsio.
405 938 408 943 “

114 1013 176 1073 983.
198 1011 375 1071 advertatur
391 1010 421 1069 l.
435 1005 515 1086 q'udd
523 1007 693 1070 laborantes
707 1007 881 1088 hydropisi,
893 1010 984 1073 eelim
996 1009 1084 1081 febri,

83 1097 122 1157 rel
137 1097 275 1166 vulnere,
299 1093 461 1164 asthmate,
480 1092 660 1171 pleuritide‚
672 1092 1082 1172 sangninisfluxu‚vomitu,

83 1181 177 1261 angina
189 1226 198 1253 ‚
211 1189 242 1241 et
252 1180 454 1240 ‘reumatismo
462 1223 472 1254 ,
488 1176 640 1239 interdum
662 1197 729 1240 eum
749 1179 850 1258 paucis
862 1182 1084 1243 nominatorum

81 1264 242 1343 signorum.
269 1272 300 1325 et
335 1281 403 1323 eum
433 1262 519 1341 pulsu
552 1263 675 1336 valido,
704 1281 738 1324 ae
770 1264 924 1343 loquentes
948 1267 1084 1343 expirare

81 1350 174 1409 solent.
196 1349 378 1410 advertatur
401 1348 432 1407 2.
456 1348 606 1425 proximos
626 1347 717 1409 morti
743 1365 824 1421 esse,
850 1350 908 1428 qni>
924 1349 1084 1428 pleuritide

84 1433 227 1506 laborant,
246 1432 320 1493 dum
344 1431 547 1508 respirationis
568 1431 750 1506 difficultas,
772 1432 922 1495 anhelitus
942 1451 1084 1513 augmen·

84 1524 141 1577 tum
155 1562 164 1589 ,
179 1528 209 1580 et
229 1517 306 1579 labia
327 1515 418 1576 livida
444 1524 607 1595 apparent„
623 1519 780 1579 vulnerati
806 1518 903 1595 eapite
932 1517 1084 1577 interdiani

81 1601 222 1663 subitaneo
241 1600 374 1677 deliquio
397 1602 580 1662 moriuntur.
609 1602 794 1681 Hydropiei,
820 1600 895 1661 dum
917 1600 1019 1678 pulsus
1039 1599 1086 1660 de·

81 1684 153 1758 leia,
174 1696 205 1748 et
231 1684 379 1746 anhelitus
400 1686 527 1759 erescit,
547 1703 581 1746 ae
605 1685 637 1745 in
657 1702 709 1745 oro
739 1702 846 1762 spuma
868 1692 1001 1762 apparet.
1026 1682 1084 1757 Qui

81 1769 147 1830 lebni
173 1769 390 1831 intermittentes
419 1769 577 1843 laborant,
597 1768 675 1830 mori
698 1768 794 1829 solent
810 1769 844 1829 in
872 1766 1020 1847 principio
1042 1785 1086 1828 ae·

81 1854 232 1928 sessionis,
258 1852 332 1914 dum
352 1853 558 1914 convulsiones
586 1850 776 1914 vehementes
798 1860 879 1913 sunt.
906 1850 1085 1914 Advertatur

83 1937 110 1999 ὅ.
125 1938 202 2017 quod
213 1940 247 2000 in
265 1938 414 2017 aliquibus
426 1938 545 2017 agrotis
562 1935 651 1998 flatus
669 1945 713 1998 est
723 1935 931 2016 adeddebilis,
947 1944 978 1997 et
989 1935 1084 1998 cordis

82 2023 245 2100 exagitatio,
268 2031 303 2083 ut
316 2020 381 2100 jam
401 2021 512 2083 mortui
543 2022 723 2094 videantur,
746 2030 895 2084 ettamen
921 2038 982 2083 non
1001 2029 1082 2083 sent.

83 2105 160 2185 Signa
172 2108 297 2168 tertiora
310 2107 416 2167 mortis
432 2115 503 2168 sont
518 2107 655 2168 omnium
672 2108 801 2187 partium
819 2107 980 2186 frigiditas,
994 2107 1083 2169 etiam

83 2189 236 2269 inrrgione
251 2190 368 2265 eordis,
381 2191 514 2270 eorporis
529 2192 678 2271 gravitas,
691 2192 815 2270 alicujus
828 2192 949 2273 spiritus
961 2192 1083 2253 naribus

83 2271 181 2336 admoti
194 2276 350 2337 stimulum
366 2292 428 2337 non
446 2276 576 2351 sentire,
607 2276 760 2355 speculum
781 2276 826 2338 ori
847 2294 995 2338 recemum
1009 2274 1082 2335 flatu

83 2372 135 2418 non
166 2360 334 2431 maculari,
362 2368 394 2420 et
415 2359 535 2420 similia.
561 2357 691 2423 Demirm
717 2362 910 2432 advertatur,
933 2357 1014 2437 qudd
1037 2359 1083 2418 in·

82 2441 189 2505 tardum
207 2445 291 2523 signa
308 2441 445 2521 superius
468 2444 500 2504 in
515 2445 614 2524 primo
629 2446 694 2506 loeo
713 2445 841 2507 adducta
854 2444 978 2517 fallunt,
994 2443 1084 2502 etiam
1162 2457 1166 2465 ·

83 2524 139 2586 sine
158 2528 217 2589 illis
236 2526 359 2606 repenle
381 2529 511 2589 moritur
532 2529 670 2591 infirmus
689 2548 698 2588 a
722 2524 935 2606 ideisquedirm
957 2532 1084 2602 aegrotus

82 2603 207 2690 inagone
215 2620 316 2674 manet
330 2655 340 2685 ,
356 2611 491 2674 sacerdos
503 2622 622 2694 oportet
635 2629 674 2673 ne
686 2628 819 2692 unquam
839 2610 926 2671 illum
938 2609 1062 2669 deserat.

419 2810 447 2893 S·
460 2814 543 2876 Vlll.
556 2821 588 2874 et
606 2811 741 2873 ultimus.

233 2979 645 3058 Praenestinarum,
666 2987 696 3041 et
710 2974 926 3043 demoliturum.

46 3191 48 3282 i
117 3159 508 3292 asisinatensium
523 3226 626 3304 agrati
637 3225 806 3305 ingrediens
843 3223 920 3285 dieat
935 3244 944 3282 r
957 3219 1084 3297 Mae

85 3298 145 3365 ieie
161 3306 272 3369 destrui.
284 3316 324 3387 a).
336 3308 526 3371 Eturamina
538 3309 740 3371 habitantibus
752 3310 787 3369 ira
804 3325 850 3368 ea.

117 3390 290 3453 Cubiculum
311 3394 388 3470 aqua
408 3393 563 3454 benedieti
576 3403 731 3473 aspergat,
750 3393 870 3453 dicens:
888 3390 1085 3471 Asperpesme

84 3465 221 3618 gamo,
247 3483 277 3536 et
293 3474 461 3540 araneolae
484 3500 497 3539 .-
518 3474 633 3541 looobis
649 3495 715 3552 me,
730 3484 760 3539 et
774 3493 864 3559 super
882 3473 984 3540 nivem
1004 3470 1084 3536 deol-

117 3601 226 3705 lieindd
239 3643 340 3707 dicere
363 3653 460 3725 potest
484 3619 654 3721 orationes,
676 3664 743 3725 quae
764 3646 798 3708 in
817 3645 926 3707 Rituali
945 3663 1001 3724 pro
1026 3646 1083 3706 llx-

86 3724 172 3786 lrema
199 3728 347 3794 Uettieno
364 3737 476 3794 entant.
490 3730 593 3793 Postea
615 3731 820 3811 Redemptoris
839 3731 996 3873 imiaginem
1010 3732 1084 3789 aeet-

896 3820 926 3873 li.
