2642 4167
165 194 205 257 id
449 185 888 270 Pa·oaiacoafcssorii.dop.9.

163 295 237 367 lius,
251 295 283 357 el
297 290 553 356 communionibus
569 291 658 352 etiam
675 298 855 368 praeceptum
870 281 1004 365 paschale
1013 290 1170 362 tranenses

165 397 212 440 sos
224 380 331 441 luisse?
344 377 463 455 expedit
482 384 582 435 autem
605 382 640 435 ut
658 373 720 433 hacc
739 371 933 449 interrogatio
952 370 1172 449 desacrilegiis

164 463 215 525 fiat
226 466 258 524 in
271 462 417 543 principio
433 460 621 521 consessionis
632 503 640 529 ‚
651 476 709 531 ne,
723 459 747 517 si
762 454 861 536 posted
873 454 944 527 fiat,
960 463 990 515 et
1007 455 1173 531 reperiatur

163 549 225 625 jam
246 547 435 628 commissum
455 545 660 623 sacrilegium,
688 551 805 621 tempus
830 549 945 599 teratur
970 538 1118 599 inutiliter
1138 541 1171 599 in

165 632 323 711 repetenda
342 631 540 700 confessione,
561 647 629 707 qua
650 629 751 690 forsan
776 623 852 686 nihil
879 622 968 684 hahet
991 622 1132 686 dissimile
1154 622 1173 684 is

165 717 332 795 preteritis.
348 717 474 794 Oportet
489 725 588 775 autem
609 707 838 793 operam'dare‚
853 718 888 770 ut
905 712 956 788 qui
973 718 1088 786 peccata
1100 709 1174 770 reti·

165 809 307 870 ederunt,
321 808 514 879 cognoscant,
529 798 618 877 quim
630 799 792 857 maximum
805 802 956 875 peceatum
970 793 1026 854 hoc
1037 794 1094 863 sit,
1106 811 1175 854 con·

165 887 279 945 sulcare
288 902 394 963 nempe
408 886 531 963 pedibus
544 885 723 963 Sanguinem
736 884 805 943 Jesu
815 880 934 941 Christi.
946 881 977 939 l.
989 880 1172 957 lnterroget,

165 970 189 1030 si
213 971 393 1047 poenitentiae
412 969 602 1029 satisfecerit?
624 970 660 1028 Et
683 969 707 1027 si
731 966 879 1040 omiserit,
900 982 938 1023 an
959 962 1016 1024 hoc
1035 964 1174 1026 acciderit

167 1060 287 1132 propter
301 1053 479 1113 oblivionem
494 1096 501 1123 ‚
519 1062 571 1111 aut
586 1053 653 1129 quia
668 1051 766 1112 noluit
777 1068 842 1109 eam
854 1047 1033 1126 adimplere,
1044 1049 1175 1125 autquia

168 1137 285 1196 distulit
303 1138 333 1197 in
351 1135 503 1215 posterum
521 1135 685 1196 faciendam
698 1180 706 1205 ‚
717 1144 768 1194 aut
781 1143 816 1194 ut
826 1134 881 1193 sibi
901 1140 1083 1193 commutare
1097 1132 1175 1194 faco-

167 1226 237 1283 ret?
248 1232 277 1281 et
292 1223 316 1282 si
335 1223 366 1281 in
384 1240 417 1282 ea
435 1221 577 1283 dilatione
589 1222 712 1299 putabat
726 1225 866 1298 peceare?
878 1222 908 1279 o.
922 1220 1005 1278 cirea
1020 1217 1172 1288 scandala,

167 1306 191 1365 si
206 1306 356 1366 induxerit
371 1306 443 1366 alios
458 1305 494 1365 ad
510 1305 710 1383 peccandum,
722 1314 774 1363 aut
790 1305 813 1363 si
827 1313 862 1365 ut
880 1312 1030 1382 peccatum
1053 1318 1176 1380 exequo-

167 1401 252 1452 retur
264 1392 370 1450 abusus
388 1391 478 1451 suerit
490 1392 654 1450 ministerio
666 1392 814 1450 aliorum?
827 1392 856 1449 Si
873 1394 1045 1465 cooperatus
1057 1388 1093 1446 sit
1108 1405 1176 1465 pec·

167 1480 238 1536 entis
248 1477 370 1537 alicnis?
382 1477 577 1536 Tabernarios
590 1477 770 1552 interroget,
783 1476 807 1535 si
826 1473 1059 1534 ministraverint
1069 1473 1174 1533 vinum

168 1563 226 1622 illis
245 1563 296 1639 qui
310 1562 387 1620 soliti
400 1563 521 1622 luerunt
533 1560 674 1620 inebriari
694 1558 728 1638 (l.
743 1562 773 1620 5.
791 1578 825 1620 a.
836 1560 920 1634 69.]?
932 1558 1069 1620 lllulieres
1082 1559 1176 1618 inter·
1222 1595 1226 1599 Α

168 1656 251 1724 roget
264 1690 273 1719 ‚
285 1648 308 1705 si
327 1647 424 1706 verbis
439 1643 546 1724 pardm
559 1645 712 1716 honestis,
724 1644 817 1722 jocis,
835 1644 977 1715 saltibus,
989 1644 1050 1702 risu
1062 1687 1071 1712 ‚
1084 1653 1137 1703 aut
1148 1643 1174 1704 si

168 1731 234 1790 fixis
251 1730 343 1790 oculis
368 1732 496 1807 aliquem
520 1731 722 1808 inspiciendo,
742 1729 841 1788 tunica
859 1728 950 1787 nimis
972 1728 1104 1798 clevata,
1123 1737 1176 1788 aut

169 1824 286 1893 pectore
299 1824 402 1891 aperto
419 1817 643 1891 provocaverint
661 1818 741 1873 viros
760 1811 797 1873 ad
810 1813 901 1872 malas
921 1812 1129 1889 cogitationes?
1141 1813 1173 1873 si

169 1917 290 1959 munera
304 1900 341 1957 ab
355 1901 413 1957 illis
426 1899 462 1957 ad
476 1899 586 1957 malurn
599 1899 690 1958 finem
702 1898 769 1957 data
783 1897 1020 1975 acceptaverint?

206 1985 256 2043 25.
273 1985 355 2043 Circa
376 1981 453 2041 hanc
474 1984 567 2060 ipsam
591 1984 747 2042 materiam
769 1982 914 2051 scandali,
931 1988 1028 2059 potest
1046 1981 1174 2041 interro·

166 2085 238 2146 garo
256 2068 393 2145 insuper,
405 2084 442 2126 an
456 2068 603 2144 poenitens
613 2072 786 2144 soiipcratus
797 2067 887 2126 inerit
899 2075 1017 2144 peccato
1033 2065 1174 2143 alicujus3

168 2152 218 2213 sed
235 2153 425 2211 confessarius
439 2152 469 2210 in
481 2150 537 2211 hoo
553 2152 639 2211 debet
653 2170 715 2212 esse
732 2152 818 2212 valde
832 2154 961 2229 peritus,
978 2161 1011 2211 ut
1024 2151 1176 2228 dignoscat

169 2238 287 2316 quando
309 2237 477 2314 codperatio
498 2236 537 2295 sit
557 2236 703 2303 formalis,
725 2246 755 2296 et
776 2237 895 2314 qnando
915 2236 1083 2295 materialis.
1101 2237 1177 2296 For·

168 2319 258 2381 atalia
276 2330 338 2393 est,
353 2338 421 2379 cum
441 2325 617 2398 cooperatur
632 2322 737 2380 actuali
751 2331 866 2398 peccato
881 2320 1020 2388 alterius,
1034 2329 1066 2378 ut
1077 2321 1176 2380 evenit

169 2408 201 2467 in
219 2406 429 2476 fornicatione,
444 2415 495 2465 aut
517 2411 693 2483 cooperatur
717 2407 802 2466 malae
817 2405 964 2465 voluntati
984 2402 1123 2479 alicujus,
1139 2413 1176 2464 ut

169 2493 194 2551 si
218 2490 251 2549 in
274 2506 357 2548 suam
378 2488 501 2548 tutelam
523 2491 619 2549 turem
644 2490 812 2567 reciperet,
834 2488 914 2566 quod
939 2486 1028 2566 vulgo
1048 2486 1173 2559 dicunt,

167 2571 304 2655 puordor
321 2571 347 2631 le
362 2570 467 2653 spolie.
484 2570 655 2634 Materialis
672 2582 771 2633 autem
786 2584 850 2646 est,
864 2573 933 2633 ciam
953 2589 1073 2649 operam
1090 2589 1174 2632 snam

169 2658 288 2721 exhibet
307 2660 385 2717 actui
407 2656 531 2735 alicujus
551 2677 586 2719 ex
600 2678 631 2719 se
651 2659 849 2732 indifferenti,
861 2659 905 2718 illi
920 2659 971 2736 qui
989 2659 1023 2718 ea
1041 2656 1176 2717 abutitur

169 2745 206 2803 ad
227 2744 339 2802 malum
358 2741 468 2818 finem,
487 2752 520 2803 ut
533 2753 578 2803 est
594 2743 728 2821 praebere
750 2747 852 2805 vinum
866 2743 977 2805 volenti
997 2742 1175 2817 sechriare3

168 2837 198 2889 ct
216 2825 278 2886 hec
299 2836 395 2904 potest
417 2845 481 2886 esse
499 2828 598 2903 licita,
620 2827 689 2888 ciam
707 2830 789 2890 adest
807 2830 905 2906 justa,
927 2838 958 2888 et
976 2826 1175 2903 codpcrationi

167 2912 389 2991 proportionata
415 2927 511 2969 eausa.
533 2912 593 2971 llos
618 2921 784 2990 punctum,
805 2913 886 2992 quod
909 2911 1008 2989 magni
1031 2908 1173 2969 momenti

168 3004 230 3065 est,
252 3004 282 3053 et
303 2995 397 3054 multd
420 2995 654 3056 consideratione
677 2997 831 3078 indigens,
845 3014 907 3057 non
926 2994 1083 3057 mediocris
1099 2990 1175 3053 mihi

166 3080 224 3139 fuit
243 3078 372 3153 laboris,
393 3087 427 3138 ut
442 3080 537 3139 -vclnti
556 3089 603 3139 res
622 3080 756 3159 erigebat
772 3081 1007 3160 expenderetur3
1018 3078 1175 3138 observent

167 3162 294 3241 ideisque
316 3163 464 3234 rationes,
487 3174 517 3224 et
537 3165 731 3226 resolutiones
746 3168 777 3227 in
794 3168 890 3244 Opere
902 3163 979 3243 (tit.
994 3164 1023 3222 ὅ.
1035 3157 1073 3221 aa
1083 3161 1132 3221 63.
1142 3179 1171 3220 n.

168 3249 219 3307 Ad
236 3246 497 3328 distiupucmlum,
520 3256 549 3309 ct
567 3246 588 3309 l.
603 3252 634 3311 l.
651 3268 684 3311 a.
700 3251 799 3329 ort),
817 3258 978 3328 congestas.
1057 3264 1063 3270 ·

174 3373 178 3380 ·
207 3335 257 3392 lt.
271 3333 354 3393 Circa
371 3334 410 3393 11.
427 3342 605 3413 preceptum
625 3334 788 3413 interroget
809 3335 847 3395 de
868 3331 1027 3411 perjuriis,
1043 3330 1081 3390 de
1098 3328 1176 3389 votis
1245 3331 1249 3335 ”

168 3417 380 3495 transgressis,
403 3427 433 3478 et
456 3417 493 3478 de
517 3416 715 3497 blasphemiis.
735 3418 838 3495 Quoad
859 3416 990 3497 perjuria
1012 3416 1177 3491 interroget

168 3502 380 3581 paenitentem,
395 3503 419 3561 si
438 3502 544 3564 salsum
556 3502 719 3578 juraverit,
733 3514 811 3563 etan
824 3503 856 3562 in
870 3500 985 3577 judicio
995 3544 1003 3573 ‚
1014 3499 1059 3559 vel
1073 3496 1174 3570 extri,

169 3586 236 3663 quia
248 3581 408 3665 meando
417 3581 450 3648 in
461 3585 692 3664 jndiclo,etiam
702 3585 848 3665 Justitiam
859 3585 1081 3663 laasit‚proptcr
1092 3579 1176 3660 quod
