2642 4167
126 208 166 270 tu
400 200 513 264 Prusia
528 198 713 281 cortfeesnrii.
730 203 810 284 Cup,
821 205 851 264 1.

128 310 208 363 taxat
226 301 395 380 lsujtssmodi
411 290 592 379 penitentes
599 303 734 379 sequenti
749 302 1035 384 modo'lutcrrogeut
1048 327 1055 368 3
1074 305 1135 390 &jc

126 381 296 467 postolosnc
314 388 409 447 ‹lDeo
428 384 546 446 venium
563 383 599 446 de
620 384 756 449 omnibns
779 384 933 465 1333133331
950 391 1053 453 333333
1072 412 1133 455 non

129 481 173 532 cst
190 490 278 532 verus
296 480 376 531 octus
389 469 533 549 doloris)?
545 473 593 530 An
607 477 633 530 te
646 470 766 550 penitet
780 488 817 531 33
830 470 913 534 eorde
923 474 1056 537 omnium
1069 493 1136 557 pec·

128 557 337 616 3333333133
356 555 439 615 33113
456 554 514 615 3133
535 554 627 616 verbo
642 555 837 633 interposito,
857 556 1071 634 absolutionem
1092 561 1136 621 nis

128 640 321 718 clangiuntur.
336 643 443 700 'lotum
466 639 503 698 ab
527 637 584 698 1333
604 638 685 699 aliud
706 648 753 700 est
777 638 924 701 bonorum
948 644 1136 708 confessario·

127 740 196 783 rum
215 723 405 798 institutum
420 721 451 783 hi
469 722 595 784 enimin
609 723 715 801 primis
727 723 896 794 elaborant,
914 734 949 785 33
960 729 1136 805 poenitentes

127 806 235 882 (sermo
258 816 302 868 333
318 808 356 867 de
374 808 411 867 iis
427 808 479 885 qui
497 805 654 867 lethalibus
667 806 820 885 tenentur)
836 825 942 871 verum
959 811 1091 872 dolorem
1104 820 1136 873 et

128 890 350 953 detestationem
369 902 556 971 peccalorum
575 892 753 969 concipiant.
765 893 801 951 Et
814 891 896 970 prius
910 911 963 972 por
976 896 1135 957 attritionis

58 983 60 986 ’
129 984 227 1036 actum
245 995 294 1037 cos
315 986 500 1055 praeparant,
519 994 549 1038 v.
566 995 595 1056 g.
613 973 677 1038 Fili
695 975 830 1048 331,3313’
847 993 1003 1041 nuncnune
1022 978 1136 1043 delon

129 1058 162 1118 in
181 1062 393 1121 3333333313
409 1059 549 1138 inferno?
564 1057 612 1121 Ais
629 1060 663 1120 in
682 1058 815 1141 11131333
834 1078 948 1141 semper
959 1063 1136 1126 coarctandus

129 1144 298 1204 3333331333
313 1143 368 1206 atti
382 1141 448 1204 3113
465 1162 530 1225 spes
544 1140 827 1225 ampliaverunt,
841 1154 877 1206 33
893 1155 920 1206 33
932 1143 1014 1207 illinc
1025 1147 1136 1225 cripere
1181 1164 1183 1166 ’

130 1227 307 1306 3333331113Ι
321 1246 394 1289 33333
410 1236 582 1289 moraturos
596 1227 635 1290 ab
650 1228 787 1290 omnibus
805 1226 1136 1305 (1333133333,ἀῦ3333·

124 1312 220 1393 jectam
240 1331 294 1393 per
314 1321 404 1373 3333333
425 1313 640 1375 eternitatem!
659 1315 795 1393 19133333
814 1322 841 1373 33
858 1314 978 1394 poenitet
997 1319 1136 1377 33113333

130 1395 302 1476 3133333333,
324 1407 448 1477 propter
467 1396 620 1479 tesserarum
637 1415 724 1476 quem
742 1396 900 1460 mernisti?
916 1398 1138 1462 Adverteuduns

129 1478 178 1541 1333
193 1489 237 1541 est
255 1481 398 1543 33313333
417 1490 514 1542 sctum
532 1482 695 1541 attritionis
716 1484 740 1541 si
758 1482 824 1558 quis
845 1482 977 1553 diceret,
993 1502 1025 1544 33
1041 1486 1137 1561 poeui·

130 1565 193 1626 3333
202 1568 311 1644 peccati
321 1567 487 1637 commissi,
498 1567 567 1644 quin
582 1566 693 1627 meruit
707 1566 856 1627 3313333333
867 1609 876 1637 ,
887 1566 939 1626 3331
949 1585 1022 1645 opus
1031 1567 1136 1644 habet,

130 1659 164 1711 33
180 1651 258 1713 dicut
273 1670 304 1713 33
324 1650 468 1730 3333333333
488 1651 645 1712 3113333333
659 1653 775 1724 Deum,
796 1660 919 1730 propter
933 1651 1013 1730 quod
1027 1655 1138 1717 meruit

131 1735 290 1796 iulet-num.
311 1738 413 1795 Postea
436 1743 538 1809 curet,
560 1744 595 1796 ut
615 1737 750 1796 eliciatur
769 1746 850 1795 nctus
875 1736 1060 1797 contritionis
1081 1736 1138 1799 lroc

131 1815 317 1886 3331331313·
336 1818 379 1878 mi
388 1863 397 1890 ‚
416 1818 489 1900 qnid
509 1818 618 1899 3333333
633 1817 762 1900 peccasti
781 1820 815 1881 in
827 1822 922 1880 Deum
939 1838 1089 1881 3333333333
1109 1830 1140 1882 33

130 1900 285 1979 infinitum
304 1900 436 1963 1333333
450 1899 567 1963 nullom
585 1899 1140 1966 11133333333333331331331333333333331

130 1983 235 2065 sociem
257 1996 339 2047 tuom
360 1986 397 2047 ol
416 2004 448 2046 eo
459 2011 470 2046 .·
482 1986 634 2068 projecisti
647 2005 715 2047 eum
730 1996 800 2069 post
818 1995 930 2067 3339333
948 1995 1032 2049 tuum
1044 2012 1056 2048 .·
1069 2007 1139 2049 con·

132 2070 276 2151 {transisti
290 2070 470 2147 amicitiam,
493 2078 522 2131 et
536 2070 670 2150 33333333
686 2070 762 2153 ejece.
774 2071 835 2153 Ejo
855 2071 1030 2151 33333313
1046 2073 1140 2152 offen·

131 2152 205 2214 313331
218 2158 318 2215 Deum
334 2154 493 2216 lenitatem
511 2154 773 2235 1333333333,3333
789 2173 825 2216 eae
838 2163 897 2217 toto
911 2156 995 2217 333313
1006 2164 1033 2216 tc
1043 2156 1138 2237 poni·

131 2241 352 2300 33331133333333
365 2246 394 2299 33
407 2238 474 2300 odio
488 2238 561 2301 13313
573 2257 663 2321 super
671 2240 772 2301 omnio
785 2238 867 2299 33313
879 2255 978 2300 coerces
989 2239 1138 2320 injurias,

130 2323 237 2407 quibua
253 2323 398 2384 3333333133
408 2327 503 2384 Deum
513 2332 574 2384 3333
587 2324 696 2386 13333333
705 2323 840 2403 affecisti.
848 2325 955 2386 Nonne
966 2325 1034 2406 jem
1041 2344 1139 2405 prorn-

128 2416 201 2490 ptos
224 2426 253 2468 cs
275 2406 382 2468 millies
401 2408 480 2468 mori
488 2452 499 2485 ,
523 2410 614 2488 qoem
635 2409 697 2470 1333
714 2412 748 2468 io
768 2408 917 2488 3333333133
934 2407 1139 2470 consmittere?

32 2478 37 2501 '
131 2492 299 2554 Notandum
314 2490 362 2551 hle
380 2494 408 2553 1.
422 2491 540 2569 quodsi
558 2493 725 2571 annitens,
736 2492 856 2553 obtentl
869 2493 1069 2562 absolutione,
1080 2492 1139 2553 etsi

131 2574 300 2637 immediata
317 2575 385 2653 post
402 2576 578 2636 confitentur
597 2577 678 2636 313331
695 2587 866 2655 peccatum,
881 2586 916 2637 ut
933 2574 1032 2637 denuo
1042 2576 1140 2638 313331·

132 2669 235 2731 votur,
248 2659 275 2718 ei
292 2678 385 2719 novus
396 2668 478 2720 33333
489 2659 600 2720 dolosis
613 2660 775 2721 eliciendus
787 2671 848 2733 est,
861 2659 930 2721 3333
944 2668 1015 2720 3333
1026 2676 1140 2721 novum

132 2744 182 2803 ssat
192 2743 337 2820 judicium
353 2740 386 2821 (1.
399 2745 428 2803 6.
440 2744 576 2819 331383.
591 2744 760 2806 Notandum
774 2747 804 2805 2.
815 2763 878 2804 esse
895 2744 1047 2823 probabile
1058 2742 1140 2821 opud

132 2828 231 2906 plures
246 2828 380 2886 doctores
397 2823 629 2905 (13331113),
644 2830 682 2889 nd
699 2828 774 2902 hoc,
788 2839 823 2890 ut
841 2830 983 2889 confessio
995 2828 1034 2887 sit
1043 2845 1140 2887 sacra·

132 2911 268 2971 mentalis
279 2953 287 2980 ‚
300 2910 408 2969 debere
426 2929 505 2971 novo
523 2911 626 2972 dolorc
639 2912 813 2973 informari:
828 2930 919 2990 quare
929 2956 938 2984 ,
950 2910 1017 2972 3333
1033 2910 1140 2987 aliquis

132 2997 311 3066 3333333333,
334 2996 409 3072 quin
431 2994 513 3074 priris
535 3006 617 3057 actus
642 2998 754 3058 doloris
777 2999 975 3076 praecesserit,
996 3013 1055 3056 uon
1077 2994 1140 3053 331-

132 3081 210 3151 ficit,
231 3076 310 3156 (oum
328 3086 431 3156 agatur
447 3079 484 3140 de
496 3081 596 3141 valore
609 3083 801 3159 Sacramenti)
813 3082 836 3141 si
855 3080 1012 3141 3333333333
1026 3078 1142 3138 conlct-

130 3167 213 3226 sione
230 3163 363 3223 eliciatur
385 3163 487 3236 dolor,
507 3164 558 3225 scd
579 3166 693 3243 requiri
715 3163 861 3243 amplius,
876 3174 910 3225 ut
924 3172 991 3242 post
1004 3162 1140 3240 dolorem

132 3250 263 3308 elicitum
280 3248 439 3325 replicetur
454 3249 610 3323 consessio,
627 3251 731 3312 3313333
751 3249 899 3310 diceudo:
918 3265 963 3308 3333
981 3261 1084 3308 omnen
1101 3242 1140 3306 313

133 3330 266 3393 omnious
285 3330 324 3393 iis
343 3350 410 3414 quoe
429 3332 517 3395 ntodtl
534 3332 682 3414 confossus
704 3352 771 3396 3333
792 3334 846 3414 (l).

160 3476 191 3535 (l)
205 3474 315 3522 Conferat
325 3475 402 3523 lectar
411 3478 508 3522 citatum
522 3476 609 3524 librum
624 3478 697 3524 63333.
708 3492 732 3524 n.
743 3477 796 3525 115,
807 3475 947 3536 videatque,
958 3470 1072 3533 quomado
1086 3467 1140 3517 (lun

131 3541 250 3587 3333333133
260 3541 284 3586 33
300 3542 345 3587 1333
362 3542 461 3588 materis
476 3542 574 3590 (1133333
590 3545 757 3591 concilientur.
885 3596 944 3644 m
