2642 4167
330 260 358 340 §.
372 261 455 322 vm.-
465 263 569 321 Preces
582 303 590 331 ,
603 266 687 322 octos
704 259 863 323 cleristiani
875 306 883 336 ,
898 270 950 324 cte.
1091 270 1148 328 187

135 406 213 468 arec·
220 402 362 488 infirmas
379 411 452 465 esset
471 410 533 464 tem
544 403 633 464 morti
643 404 817 484 praeimus,
834 413 869 464 ot
880 413 1062 485 tempranen
1074 425 1146 491 serp.

172 499 281 571 peteret
294 486 473 571 supradictis
483 488 617 569 precibus
627 532 636 562 ,
647 486 780 549 sacerdos
796 487 899 549 statim
912 491 1105 572 impertiatur
1115 494 1145 554 ei
1214 490 1218 496 '

170 572 334 655 praefatam
350 570 585 635 benedictionem.

172 728 319 790 Dominus
331 732 431 786 noster
439 725 523 785 iesus
536 724 671 787 Christus
680 768 688 800 ,
697 731 753 786 etc.

173 880 242 942 290.
255 873 424 941 Benedictio
436 873 609 957 scapularis
619 878 651 938 S.
662 875 774 939 Maria
783 876 820 939 de
828 849 931 941 dioate
942 876 1076 942 Carmeia
1087 879 1141 962 (t).

171 1029 312 1098 saec-oa
325 1008 680 1093 immansuetorum
697 1028 804 1092 coece.-

170 1192 216 1270 j.
229 1190 361 1253 Ostende
374 1189 478 1264 nobis,
492 1191 636 1267 Domine,
651 1191 884 1257 misericordiam
898 1203 991 1258 tuom.

172 1285 211 1358 l?-
225 1281 262 1339 m
274 1278 401 1337 solutore
412 1282 499 1337 tuum
513 1275 549 1335 de
565 1276 662 1337 nobis.

173 1362 218 1437 ί.
229 1361 358 1422 Domine
371 1361 451 1419 Deus
466 1359 628 1436 virtutum,
646 1370 785 1426 converto
804 1380 868 1423 nos.

171 1452 210 1523 nl.
228 1448 265 1507 Et
276 1443 397 1523 ostende
413 1443 516 1504 faeiem
530 1453 625 1514 tuom,
639 1454 670 1505 et
681 1446 754 1507 solvi
767 1448 894 1508 erimus.

172 1530 216 1605 ί.
230 1530 357 1591 Domine
373 1528 477 1589 excudi
493 1529 657 1589 orationem
669 1548 776 1592 meam.

170 1620 210 1692 nl.
228 1615 386 1675 Etelamor
401 1611 485 1673 meus
495 1613 532 1673 od
544 1622 572 1675 le
588 1616 699 1675 veniet.

170 1698 215 1772 Ji.
230 1700 375 1758 Dominus
386 1698 548 1759 vobiscum.

171 1788 210 1861 ol.
227 1785 263 1843 Et
276 1800 345 1843 eum
357 1783 464 1860 spiritu
480 1790 544 1843 tuo.

553 1952 717 2014 OREMUS.
740 2045 742 2048 Ι
926 1965 932 1970 ·

132 2080 249 2211 Crem
269 2148 405 2208 omnium
419 2147 551 2208 fidelium
565 2150 660 2220 Deus,
676 2156 707 2208 et
721 2147 844 2208 humani
859 2149 975 2227 generis
987 2151 1137 2225 Salvator,

132 2229 354 2292 lmnehabitnm
365 2276 374 2303 ‚
387 2250 477 2311 quem
493 2241 614 2311 proptor
627 2240 730 2307 tuum,
743 2243 860 2313 tuaeqne
873 2236 1028 2296 Genitricis
1040 2237 1139 2314 Virgi-

133 2316 178 2374 nis
201 2318 301 2376 lllnrim
324 2316 361 2376 de
381 2326 483 2377 monte
505 2318 638 2380 Cermalo
663 2337 815 2391 amorem,
837 2328 925 2398 atque
949 2319 1139 2381 devotionem

133 2418 234 2460 servus
247 2410 316 2460 tuos
336 2410 379 2462 est
397 2400 565 2475 delaturus,
580 2403 698 2463 dextera
714 2413 764 2464 tun
783 2406 929 2463 sonetilieo
948 2410 983 2477 ›1‹
997 2426 1005 2462 ε
1019 2414 1048 2463 et
1066 2402 1138 2474 hoc,

132 2484 210 2560 quod
225 2503 278 2562 per
296 2485 371 2546 illud
390 2485 515 2565 mystico
531 2488 618 2548 datur
638 2488 787 2565 intelligi,
809 2488 859 2546 tui
874 2504 991 2563 semper
1008 2487 1140 2548 custodiit

133 2580 293 2646 corporect
302 2572 402 2632 animo
416 2580 568 2643 servetur,
585 2581 616 2633 et
632 2574 669 2632 ad
683 2573 953 2631 remunerationem
966 2580 1139 2648 perpetuom

134 2671 199 2713 eum
208 2655 321 2715 Sonetis
330 2656 468 2717 omnibus
478 2656 644 2717 felicissime
652 2655 840 2733 perducetur.
850 2654 907 2728 Qui
915 2654 990 2713 vivis
997 2663 1028 2713 et
1037 2671 1140 2734 regnes

127 2736 163 2796 in
174 2739 279 2799 seculo
291 2740 477 2802 saeeulorum.
494 2744 601 2803 Amen.

138 2895 247 2960 Deinde
257 2907 396 2983 asperpot
408 2920 519 2984 aquam
533 2897 710 2964 benedictam
725 2895 979 2979 superinlitum,
996 2903 1026 2958 et
1037 2902 1138 2976 posteo

279 2983 379 3066 ipsum
398 2987 534 3070 imponat
546 3004 681 3068 persona
694 2983 845 3066 recipienti
853 2981 993 3058 ,dirrare

170 3146 293 3224 Accipe,
315 3146 362 3207 vir
381 3146 504 3219 devote,
526 3146 607 3207 hune
634 3146 770 3207 habitum
791 3143 997 3215 benedictum,
1019 3158 1141 3221 precans

134 3227 183 3288 SS.
195 3231 370 3309 Virginem,
391 3242 425 3294 ut
444 3232 507 3311 ejus
525 3232 640 3295 meritis
658 3233 744 3293 illum
766 3232 894 3309 perieras
920 3230 983 3287 sine
1005 3225 1139 3298 mocula,

134 3320 204 3371 otte
223 3314 260 3373 ab
273 3316 355 3376 omni
371 3314 548 3378 adversitate
567 3316 705 3379 delendot
714 3361 724 3394 ,
740 3325 828 3394 atque
844 3314 880 3375 ad
897 3313 989 3373 vitam
999 3309 1140 3390 perdumt

134 3401 282 3458 ceter-nam.
297 3401 404 3461 Amen.
462 3473 471 3490 ἢ

163 3546 194 3604 (t)
208 3547 257 3598 lloe
267 3551 392 3614 cerpolrre
410 3560 446 3601 ert
466 3551 554 3600 ordinis
565 3551 745 3600 Carmelilarura
766 3556 942 3596 reconditor
960 3559 1038 3608 penno
1055 3546 1142 3596 eoloris

136 3605 202 3662 insci.

875 3673 940 3723 Edit.
