2642 4167
304 267 376 345 Cap.
392 268 422 326 6.
438 267 484 326 De
497 273 679 327 sacramente
694 261 808 328 66111616
822 267 855 326 16
870 284 982 347 peracre.
1087 267 1140 328 611

139 383 184 427 666
196 373 358 425 reservatas
368 369 383 423 ‘t
394 366 470 425 Vide
488 380 554 444 quaa
568 365 642 425 16166
656 366 786 433 breviter
798 384 886 444 super
898 366 952 426 bac
965 366 1142 445 obligatione

137 451 273 510 dicentur
285 466 319 508 u.
334 450 403 509 150.
414 448 561 510 Caeterum
578 447 654 511 bend
681 457 776 529 potest
791 452 949 529 Episcopus
966 449 983 510 6
998 453 1059 510 suis
1078 469 1140 512 ma-

136 532 230 607 iorem
244 533 396 593 seientiam
410 531 518 610 ‚quim
528 534 654 609 requirit
668 534 845 608 concilium,
860 535 1012 612 requirere
1020 534 1097 615 (tta.
1108 537 1137 595 6.
1172 579 1185 592 .

135 636 166 679 6.
181 619 250 677 796.
261 635 290 677 6.
305 616 424 677 Adeert.
437 616 494 696 6.).

173 703 223 762 56.
235 699 397 761 -Verrlm
417 701 448 760 in
468 702 652 779 regularibus
666 703 787 765 addictis
805 702 843 764 ad
856 704 946 764 vitam
959 704 1139 782 contempla·

134 780 241 852 tiram,
265 778 313 836 vel
339 775 455 837 1661166
479 761 514 838 66
534 779 675 851 chorum,
698 790 728 840 et
754 781 865 852 altare,
881 781 936 840 'vel
958 781 1137 853 sacristiam,

134 865 233 932 minor
250 862 370 922 scientia
389 863 571 940 requiritur,
585 862 675 925 modb
694 865 786 924 sciant
806 874 943 942 praestare
962 883 1027 943 quae
1046 865 1138 943 perti·

60 1011 62 1016 ,
133 957 204 1008 6661
220 947 258 1007 66
282 947 395 1007 ordinis
413 949 609 1024 exercitium,
634 956 665 1008 et
680 948 746 1009 ideb
765 950 866 1009 saltem
887 951 919 1009 in
944 951 1136 1010 Grammatica

130 1032 240 1093 debent
258 1049 319 1091 esse
339 1035 457 1103 666611,
482 1032 552 1092 aliis
571 1042 659 1093 erunt
685 1033 880 1111 irregulares,
902 1035 989 1094 etiam
1015 1034 1139 1112 dejure

131 1119 253 1189 divino,
268 1118 307 1176 itu
321 1124 355 1176 ut
370 1135 424 1176 nee
436 1119 511 1195 Papa
522 1128 620 1196 posset
629 1138 696 1178 cum
711 1120 752 1178 eis
761 1120 939 1199 dispensare.
960 1121 1026 1180 llaec
1039 1127 1137 1179 tamen

128 1200 349 1281 irregularitas,
366 1202 480 1261 sublati
497 1204 581 1261 66666
595 1204 785 1280 ignorantiae,
798 1205 908 1284 absque
923 1204 1138 1285 dispensatione

129 1285 167 1346 de
183 1305 214 1363 se
225 1286 359 1345 aufertur
372 1280 404 1363 (1.
419 1304 444 1344 6.
455 1304 486 1343 6.
497 1289 565 1346 tat.
577 1287 633 1359 Qu.
646 1289 675 1346 6.
692 1287 787 1363 615.)
816 1347 818 1352 .

168 1370 219 1429 57.
230 1370 328 1430 -vt
341 1369 513 1445 Requiritur
523 1368 627 1431 titulus
636 1374 873 1446 sustentationis,
885 1374 969 1433 aliter
981 1377 1138 1452 Episcopus

132 1454 290 1529 ordinem,
315 1454 362 1512 vel
379 1453 557 1513 dimissorias
573 1456 723 1530 tribuens,
744 1467 863 1518 tenetur
884 1459 946 1535 ipse
968 1459 1137 1517 ordinatum

130 1541 226 1612 alere,
240 1537 418 1616 usquedum
430 1539 479 1597 ille
494 1541 614 1600 titulum
626 1540 731 1602 habeat
739 1588 748 1619 ‚
764 1545 805 1602 116
818 1560 854 1601 ex
867 1560 930 1619 eap.
953 1541 1025 1599 6166
1038 1557 1139 1600 seeun-

132 1625 203 1688 dam
213 1668 222 1696 ‚
234 1621 270 1684 de
288 1622 378 1704 proeb.
391 1631 417 1682 et
435 1642 501 1703 cap.
516 1626 703 1705 Recepimus,
717 1626 752 1686 de
768 1635 853 1686 oetote
867 1634 896 1684 et
912 1623 1018 1704 quatit.
1037 1634 1088 1687 ete.
1104 1627 1138 1685 ld

133 1718 230 1781 tamen
249 1708 494 1784 intelligendum,
509 1709 566 1768 nisi
585 1711 745 1787 Episcopus
764 1710 982 1787 inculpabiliter
1001 1710 1137 1786 deeeptus

131 1794 239 1865 luerit,
262 1793 310 1851 vel
331 1793 387 1851 nisi
405 1792 559 1853 ordinatus
578 1791 641 1869 jam
662 1794 782 1855 aliunde
805 1793 911 1854 habeat
932 1792 1012 1854 uude
1036 1796 1136 1855 vivere

132 1879 223 1956 possit
234 1873 268 1955 (1.
279 1879 308 1936 6.
322 1894 354 1935 aa.
365 1876 457 1953 815).

168 1964 217 2023 58.
237 1963 415 2022 -Titulus
435 1970 534 2022 autem
555 1962 776 2024 sustentationis
799 1964 906 2042 triplex
933 1979 994 2024 esse
1017 1972 1134 2044 potest,

131 2046 327 2127 paupertatis,
344 2045 498 2117 66666611,
513 2056 542 2107 61
559 2049 742 2125 patrimonii.
759 2049 859 2109 Titulo
877 2051 1067 2130 paupertatis
1080 2051 1134 2112 soli

129 2130 281 2210 regulares
308 2132 427 2209 prolessi
452 2131 580 2192 ordinari
599 2135 709 2194 valent.
728 2134 887 2193 Saeeulares
909 2134 979 2195 verb
1003 2135 1133 2196 ordinari

130 2216 239 2276 debent
252 2214 289 2274 66
305 2216 426 2275 titulum
441 2215 587 2297 66666611,
607 2217 688 2295 quod
704 2220 743 2278 sit
756 2229 871 2279 eertum
885 2219 922 2279 de
933 2220 1069 2297 praesenti
1083 2264 1091 2292 ‚
1104 2231 1133 2281 et

129 2303 277 2362 sufficiens
286 2300 322 2360 ad
335 2320 496 2379 congruam
506 2305 747 2364 sustentationem
765 2304 850 2381 juxta
868 2313 964 2364 taxam
981 2306 1132 2378 diaecesis,

130 2387 277 2464 originis,
293 2387 340 2445 vel
365 2386 499 2446 beneficii
512 2398 531 2460 ,‘
542 2389 566 2447 si
591 2389 767 2449 beneficium
789 2391 927 2472 requirat
945 2389 1133 2449 residentium

130 2468 220 2548 (tttd.
245 2488 277 2530 6.
301 2472 369 2530 stt.
383 2478 411 2530 et
429 2471 522 2547 816).
542 2475 617 2532 Nota
637 2471 716 2551 qudd
733 2474 812 2532 Sacr.
828 2475 934 2550 Congr.
947 2472 995 2531 die
1008 2475 1044 2532 17
1063 2474 1133 2533 16111
1155 2467 1161 2475 ’

129 2555 220 2617 1765.
231 2556 345 2616 remisit
363 2555 486 2616 arbitrio
500 2558 656 2635 Episcopi,
675 2556 698 2614 si
718 2554 896 2614 detrahenda
913 2557 993 2626 sint,
1008 2574 1046 2616 an
1060 2573 1132 2631 666,

132 2657 223 2701 66666
243 2640 397 2698 blissarum
416 2658 452 2698 ex
472 2640 633 2711 beneficio,
654 2640 700 2698 vel
720 2639 877 2714 capellania
900 2637 931 2717 (l.
953 2657 979 2700 c.
993 2640 1131 2720 16776).

129 2724 175 2784 Ad
188 2724 312 2784 titulum
328 2724 399 2784 verb
415 2725 592 2805 patrimonii
602 2723 718 2783 tantiam
734 2740 789 2799 pro
807 2723 975 2781 necessitate
988 2725 1033 2783 vel
1053 2743 1133 2786 eom-

130 2808 275 2869 moditate
288 2811 483 2869 Ecclesiarum
504 2827 624 2868 suarum
638 2816 760 2887 possunt
777 2808 909 2885 Episcopi
923 2807 1061 2868 66616666
1080 2829 1134 2871 sae⁴

129 2895 243 2953 culares
255 2901 290 2952 ut
302 2894 464 2971 praescribit
477 2894 560 2954 Trid.
578 2910 648 2956 sess.
664 2895 713 2953 61.
729 2909 754 2951 6.
768 2895 797 2952 6.
813 2893 1023 2970 patrimonium
1035 2903 1132 2957 autem

129 2978 269 3041 constitui
290 2977 378 3038 debet
396 2997 484 3057 super
503 2998 536 3039 re
553 2988 650 3051 certa,
671 2989 701 3038 et
720 2978 833 3055 stabili,
848 2996 881 3039 ae
899 2977 936 3038 de
957 2996 1008 3037 sua
1029 2990 1132 3041 natura

128 3063 291 3141 frugifera,
309 3062 428 3141 pacificis
442 3082 586 3142 possessa,
600 3072 629 3124 61
648 3064 740 3124 116666
758 3065 795 3123 66
811 3065 892 3125 omni
908 3081 1005 3123 onere.
1021 3064 1133 3125 Sufficit
1201 3096 1203 3100 >

130 3150 220 3210 611616
234 3166 339 3208 census
350 3158 509 3227 perpetuus
522 3193 530 3221 ,
541 3151 675 3227 quamvis
687 3145 950 3227 6116661616111611.
963 3168 987 3209 6.
999 3167 1030 3209 6.
1038 3148 1132 3229 817.)

167 3235 271 3295 516-
285 3229 339 3292 1116
357 3243 455 3293 autem
474 3232 626 3294 dubitatur
647 3236 677 3294 1.
697 3254 734 3294 66
748 3236 878 3293 incurrat
893 3235 1131 3310 suspensionem,

129 3318 181 3397 qui
196 3316 352 3378 ordinatur
362 3335 430 3377 cum
444 3319 621 3396 patrimonio
631 3320 712 3379 11616.
727 3320 784 3378 Alii
803 3318 994 3395 probabiliter
1007 3332 1132 3399 negant3

130 3403 181 3463 sed
202 3399 387 3480 probabilius
406 3403 455 3461 alii
474 3403 638 3479 affirmant3
651 3403 741 3481 idque
759 3412 872 3461 eertum
894 3411 938 3461 est
962 3403 993 3462 in
1017 3404 1131 3468 dioeeesi

129 3484 323 3564 Neapolitana
338 3483 372 3565 (1.
388 3489 419 3546 6.
435 3506 468 3546 6.
480 3486 690 3563 86661861.)
702 3486 804 3545 Dabit.
825 3489 855 3548 6.
864 3486 947 3565 juxta
966 3489 1133 3565 pradictum

130 3569 362 3650 probabiliorem
382 3574 577 3646 senteutiam,
594 3592 633 3632 an
651 3572 784 3632 incurrat
804 3573 894 3632 etiam
914 3573 1132 3652 suspensionem

134 3656 183 3740 qui
203 3652 360 3719 ordinatur
377 3673 444 3716 eum
464 3658 643 3741 patrimonio
664 3655 733 3720 verd
752 3657 859 3720 donato
871 3702 880 3734 ,
894 3657 945 3718 sed
965 3657 1032 3724 data
1051 3670 1133 3721 anta
