2642 4167
191 227 242 288 tto
458 222 568 286 Prasia
580 223 763 304 coralessnrii.
782 226 853 307 Cap.
870 227 917 288 ll.

222 324 266 399 Ji.
280 327 315 386 Et
330 343 369 387 ne
379 342 433 387 nos
444 368 454 398 ,
466 336 522 386 etc.

222 424 260 493 ni.
274 417 331 478 Sed
340 418 444 493 libera,
453 426 510 477 etr.

222 510 267 583 >⁴-
280 511 400 570 Salvum
411 510 454 570 sac
467 528 586 571 servum
598 519 685 572 tuum
695 508 753 589 (vol
763 510 900 573 ancillam
911 511 1006 591 tuam)
1015 510 1157 580 Domino.

223 608 261 678 al.
279 603 357 662 Deus
373 621 453 662 mous
466 610 632 681 sperantem
647 604 679 664 iu
699 610 740 664 te.

222 694 266 768 sl.
282 695 408 755 Domine
420 696 544 767 exaudi,
561 704 618 755 ete.

222 792 261 862 nl.
277 788 313 847 Et
326 788 438 846 elamor
449 805 548 861 mens,
559 796 615 848 ete.

223 879 267 955 Ji.
285 882 431 948 Dominus
445 880 608 941 nobiscnm.

222 979 260 1050 ri.
273 974 308 1033 Et
324 992 391 1034 oum
403 972 509 1051 spiritu
523 981 584 1032 tuo.

521 1191 524 1196 ’
604 1181 767 1242 OREMUS.

185 1353 431 1482 Cnaamrrssura
448 1419 528 1478 Deus
540 1461 548 1491 ,
560 1418 647 1478 Pater
666 1416 956 1491 misericordiarum,
969 1426 1000 1478 et
1012 1418 1091 1480 Deus
1104 1421 1200 1481 totius

184 1504 406 1576 consolationis,
425 1504 475 1583 qui
496 1503 647 1564 neminem
663 1503 708 1562 ais
726 1503 825 1580 perire
838 1504 869 1563 in
886 1511 915 1563 te
926 1503 1094 1566 credentem
1106 1515 1201 1584 atque

183 1597 369 1666 sperantem,
393 1588 556 1650 seeundum
579 1588 802 1648 mollitudinem
824 1589 1048 1650 miserationum
1074 1598 1200 1652 tuarum

183 1675 294 1753 respice
310 1675 454 1753 propitius
474 1675 618 1736 famulum
636 1683 721 1733 tunm
740 1675 776 1735 N.
796 1692 886 1751 quem
904 1672 958 1734 tibi
972 1691 1040 1734 vera
1058 1673 1150 1748 fides,
1169 1684 1200 1735 et

184 1776 250 1837 spes
265 1758 423 1820 christiana
448 1759 647 1820 commendat.
667 1758 761 1819 Visita
782 1776 852 1819 sum
876 1759 909 1819 in
932 1758 1052 1818 salutari
1072 1766 1147 1825 tuo.
1169 1770 1204 1821 et

184 1862 238 1921 por
260 1844 409 1921 Unigeniti
429 1845 472 1903 tui
495 1845 659 1921 passionem
679 1852 709 1904 et
725 1852 851 1905 mortem
872 1843 1006 1903 omnium
1027 1844 1054 1903 ei
1076 1843 1202 1905 delicto-

183 1945 251 1987 rum
273 1945 396 1988 suorum
421 1929 624 1989 remissionem
638 1934 668 1992 et
686 1929 803 1988 veniam
820 1929 981 1988 elementer
1001 1927 1140 2005 indulge,
1163 1939 1200 1991 ut

183 2008 247 2088 rjus
267 2012 413 2072 animuin
435 2011 508 2073 nora
539 2011 634 2072 exitiis
650 2012 697 2073 snt
720 2022 750 2072 to
773 2011 904 2090 judioem
951 2012 1122 2093 ropitiatum
1147 2014 1200 2074 in-

183 2094 298 2172 veniat,
321 2103 352 2153 et
374 2096 406 2154 in
430 2098 572 2171 sanguino
597 2096 731 2173 ejusdem
749 2099 816 2158 Filii
845 2031 952 2159 tuiaK
974 2097 1056 2159 omni
1077 2098 1198 2158 macula

182 2179 281 2239 abluta
309 2181 435 2240 transire
459 2181 497 2239 ad
526 2182 618 2242 vitam
637 2191 788 2242 mereatur
815 2190 998 2262 perpetuam.
1025 2184 1082 2240 Per
1106 2198 1197 2244 eum-

183 2263 275 2334 dem,
300 2269 357 2324 etc.

225 2364 302 2426 rom
316 2371 472 2447 postquam
489 2361 610 2427 clericos
631 2364 766 2436 dixerit,
786 2365 935 2427 Confiteor
959 2366 1039 2437 Deo,
1058 2371 1117 2423 etr.
1137 2366 1199 2425 So·

183 2447 280 2510 cordos
293 2447 393 2509 dicat:
409 2452 581 2510 Misereatur
597 2495 607 2524 ,
625 2460 681 2511 ete.
704 2450 940 2529 Indulgentinm,
957 2455 1014 2508 ete.
1027 2468 1037 2523 3
1052 2443 1161 2508 deinde
1183 2471 1197 2509 .·

221 2551 365 2611 Dominus
389 2562 489 2611 noster
512 2553 596 2612 iesus
621 2552 753 2613 Christus
781 2552 871 2611 Filius
890 2549 944 2609 Dei
970 2548 1053 2619 vivi,
1078 2546 1132 2624 uui
1157 2549 1195 2610 Β.

183 2635 270 2695 Petro
290 2638 419 2714 apostolo
437 2655 490 2697 suo
510 2638 592 2698 dedit
607 2647 780 2716 potestatem
800 2635 910 2714 ligandi
929 2642 1019 2712 atquo
1035 2632 1194 2705 solvendi,

183 2738 237 2796 per
264 2740 346 2783 snam
373 2725 532 2800 piissimam
565 2723 795 2784 misericordium
824 2721 945 2799 recipiat
979 2718 1195 2778 confessionem

184 2816 264 2865 tuam
281 2852 289 2875 ,
307 2818 337 2868 et
357 2811 492 2868 restituat
509 2809 562 2869 tibi
576 2810 681 2868 stolam
702 2810 828 2885 primam
843 2850 851 2878 ,
865 2822 955 2883 quam
971 2803 1002 2862 in
1016 2802 1196 2878 baptismate

183 2892 336 2972 recepisti,
360 2903 390 2952 et
410 2911 463 2971 ago
492 2893 628 2954 facultate
653 2893 726 2953 milri
748 2892 786 2951 ab
803 2889 960 2969 apostoliea
980 2886 1056 2947 Sede
1077 2884 1195 2945 tributa

122 2986 124 2993 ·
183 2975 395 3056 indulgentiam
408 2979 569 3057 plenariam
580 3021 588 3048 ‚
599 2987 628 3037 at
642 2977 845 3037 remissionem
860 2973 994 3036 omnium
1004 2976 1195 3049 peecatorum

185 3062 238 3122 tibi
249 3063 386 3122 concedo.
399 3064 434 3121 ln
444 3064 564 3122 nomino
578 3064 691 3138 Patris,
706 3071 762 3122 ete.
926 3071 930 3078 ’

222 3167 278 3227 Por
304 3172 481 3224 sacrosancta
500 3161 636 3221 humanae
663 3160 858 3240 reparationis
889 3156 1030 3235 mysteria
1055 3151 1195 3215 remittat

185 3250 238 3311 tibi
257 3250 443 3327 omnipotens
464 3248 539 3306 tleus
558 3264 660 3306 omnes
686 3244 839 3323 praesentis
855 3249 887 3303 et
907 3241 1017 3301 iuturae
1040 3238 1110 3297 vitan
1127 3254 1194 3316 pua·

184 3352 250 3405 nas,
263 3334 389 3412 paradisi
409 3340 508 3411 portas
527 3332 661 3411 aperiat,
682 3338 712 3390 et
734 3328 771 3389 ad
789 3326 895 3407 gaudia
918 3323 1098 3400 sempiterna
1120 3336 1192 3401 per·
1287 3369 1288 3406 3

184 3419 399 3479 oncanameu

221 3522 376 3662 Batnedixat
386 3532 415 3583 te
423 3522 609 3602 omnipotens
621 3524 701 3583 Deus
714 3564 723 3595 ,
740 3522 777 3598 »Β
793 3520 879 3580 Pater
892 3559 901 3595 ,
913 3515 1006 3578 Filius
1016 3522 1047 3574 et
1062 3510 1192 3593 Spiritus

185 3617 252 3656 snut
265 3619 310 3658 us·
353 3623 432 3666 men,
