2642 4167
148 172 204 234 aaa
337 168 474 251 Epiruma
489 165 629 233 doctrine
643 167 767 231 carralia
780 170 960 239 etcaaoolrae

146 274 237 350 copis.
248 269 551 333 Animadvertendum
565 280 741 343 esttamen,
757 271 855 332 valere
871 271 933 333 baec
946 289 1001 350 pro
1020 268 1162 333 oratoriis.

147 355 281 436 Episcopi
294 355 326 417 iu
338 354 398 415 suis
407 354 569 426 domibus,
594 356 625 414 iu
636 355 746 432 quibus
757 364 860 417 ‘certus
872 354 1008 431 fixusque
1019 353 1102 415 locus
1112 363 1162 413 est·

146 441 319 518 assignatus.
331 438 407 501 ibid.
418 439 443 501 l.
456 440 486 500 5.
500 457 566 517 cap.
578 440 608 498 6.
627 456 658 499 a.
670 440 700 498 (i.

163 584 167 593 ,
184 524 215 584 Si
234 524 321 584 missa
341 522 462 584 omniad
481 522 655 583 celebranda
677 522 739 594 sit,
761 539 817 581 nec
840 520 932 600 possit
951 520 983 580 in
1012 523 1152 599 templis,

146 608 194 668 rel
216 607 305 667 etiam
326 605 358 665 in
378 605 514 667 oratoriis
534 605 678 683 privatis,
695 605 764 667 licet
780 605 864 665 illam
880 603 1030 665 celebrare
1043 606 1075 665 in
1089 606 1154 666 loco

146 708 207 753 naa
229 689 393 760 indecenti,
419 690 599 767 quicumque
615 689 735 750 tandem
761 689 812 749 ille
828 690 890 763 sit,
915 695 949 747 ut
977 689 1101 766 planum
1117 689 1154 749 lit

145 775 280 853 exemplo
298 774 516 852 capellanorum
551 774 583 834 in
615 773 740 850 castris3
761 791 866 834 eorum
890 773 998 842 etiam,
1022 773 1075 850 qui
1100 790 1154 850 per

145 859 309 923 infidelium
325 859 460 936 regiones
483 860 539 919 lter
567 857 700 930 iaciunt,
722 867 753 919 et
778 860 868 919 etiam
891 859 922 918 in
941 856 1043 918 littore
1062 860 1152 919 maris

146 938 278 1021 respectu
295 943 511 1020 navigantium.
526 945 571 1002 Dc
587 959 661 1001 sacr.
677 944 758 1004 miss.
768 943 790 1003 l.
806 944 837 1003 ὅ.
852 961 879 1001 c.
894 944 923 1002 6.
938 960 968 1001 n.
984 943 1014 1002 7.

181 1027 402 1091 caelebratur
421 1029 509 1087 missa
529 1027 561 1087 in
582 1027 657 1093 mari
676 1028 823 1101 peculiare
843 1027 1030 1105 privilegium
1052 1028 1165 1106 requi--

145 1112 241 1183 ritur,
263 1127 317 1171 nec
338 1109 447 1170 sufficit
465 1110 592 1171 clausula
607 1112 774 1186 generalis,
793 1111 852 1187 qud
877 1110 998 1170 incultas
1020 1109 1056 1171 fir
1076 1114 1154 1171 cele·

146 1192 250 1257 brandi
269 1196 303 1257 r'n
318 1191 378 1257 ioca
393 1193 513 1256 lancata
526 1212 561 1255 oc
587 1202 663 1255 tuto.
679 1198 746 1256 llon
768 1194 938 1257 conceditur
954 1188 1073 1266 autem,
1094 1197 1152 1257 nisi

143 1299 210 1342 cum
226 1280 411 1347 conditione,
424 1288 458 1339 ut
471 1287 568 1339 tutum
578 1279 616 1337 sit
628 1279 798 1356 navigium,
820 1277 905 1356 longe
917 1278 1022 1338 obsiti
1037 1280 1166 1354 littore·-

144 1365 341 1443 tranquillum
355 1363 394 1424 ait
407 1380 506 1436 mare,
518 1383 552 1423 ac
564 1362 684 1423 undam
696 1364 809 1423 assistat
819 1363 977 1423 celebranti
991 1363 1086 1437 alter,
1102 1364 1152 1423 rel

143 1449 293 1518 sacerdos,
306 1448 353 1510 rel
367 1447 516 1509 diaconus.
527 1447 604 1508 lbid.

162 1582 166 1591 .
183 1535 323 1596 Sacerdos
335 1534 453 1594 missam
464 1533 615 1594 celebrans
623 1532 713 1593 etiam
726 1534 758 1593 in
768 1532 1032 1601 necessitatcdandi
1042 1533 1165 1593 Viatici,

144 1619 266 1681 infirmo
278 1619 387 1697 absque
399 1617 492 1679 unce
512 1618 601 1678 sacris
620 1617 824 1690 indumentis,
846 1627 944 1695 peccat
965 1618 1093 1695 graviter
1109 1634 1150 1676 ex

144 1703 359 1779 irreverentid3
380 1719 479 1779 neque
498 1703 578 1762 enim
600 1711 687 1778 urget
700 1703 806 1761 Viatici
829 1711 1031 1782 preceptum,
1048 1702 1073 1759 sl
1091 1701 1152 1760 rai·

144 1787 263 1847 nistrari
273 1805 333 1846 aron
346 1786 436 1865 possit
448 1803 483 1848 eo
497 1784 584 1847 modo
595 1829 603 1855 ,
615 1785 773 1862 quoderat.
785 1785 828 1844 lb.
840 1785 893 1857 lib.
903 1787 932 1844 5.
943 1803 1008 1862 cap.
1021 1786 1053 1845 7.
1065 1803 1096 1845 n.
1106 1787 1137 1846 l.

181 1870 262 1931 ldcm
274 1870 370 1941 dicas,
386 1871 411 1930 si
431 1869 541 1948 absque
551 1868 738 1941 luminibus,
754 1887 821 1947 que
834 1869 894 1929 sint
904 1878 1022 1946 oportet
1034 1870 1098 1947 sivc
1110 1887 1152 1930 ex

143 1954 209 2014 ceri
226 1954 308 2025 ,sive
328 1972 365 2014 ex
378 1954 461 2027 aleo,
474 1961 505 2013 et
515 1953 539 2012 si
550 1952 665 2025 desint,
686 1952 717 2012 in
728 1954 898 2027 necessitate
907 1951 1044 2029 vsaltantis
1059 1952 1152 2029 seb03

142 2036 249 2101 sufficit
264 2046 384 2109 tamen,
408 2038 433 2098 si
456 2038 611 2097 necessitas
637 2045 761 2114 urgeat,
785 2036 916 2112 unicum¹
931 2035 1166 2115 lumentldern¹

142 2122 241 2193 dicas,
267 2123 291 2181 si
311 2122 439 2183 celebrat
459 2124 570 2199 absque
589 2121 696 2195 llissali
721 2121 822 2194 libro,
840 2121 872 2182 in
893 2138 953 2198 quo
979 2121 1019 2182 sit
1043 2120 1151 2181 saltem

142 2206 254 2269 Canon.
268 2205 335 2265 llaec
347 2222 383 2264 ex
393 2206 457 2263 Μ).
472 2204 549 2263 lbid.
562 2222 595 2262 n.
611 2206 641 2263 2.

181 2292 283 2351 Peccat
300 2288 389 2350 etiam
405 2287 537 2348 sacerdos
552 2287 703 2348 celebrans
723 2290 787 2350 sine
805 2290 961 2365 ministro,
982 2298 1018 2349 ut
1030 2289 1152 2350 cruitur

142 2393 178 2439 ex
203 2391 267 2450 rap.
291 2371 469 2453 Proponant,
493 2369 528 2433 de
554 2367 629 2450 filiis
652 2372 897 2453 presbyterorum.
924 2375 954 2433 Si
982 2381 1083 2451 manen
1108 2374 1152 2433 sit

142 2457 372 2520 ministrandum
381 2455 545 2528 viaticum,
560 2466 655 2534 potest
665 2459 798 2516 sacerdos
809 2459 873 2517 sine
885 2458 1152 2535 rulnistrcmissam

142 2542 307 2614 celebrare,
322 2548 352 2601 et
366 2540 488 2619 sibiipsi
505 2541 694 2618 respondere.
711 2542 788 2603 Aliis
798 2551 916 2620 prestat
926 2542 1065 2602 omittere
1077 2543 1153 2619 mis-

141 2646 204 2688 sam
217 2671 226 2699 ,
240 2627 374 2704 quamvis
388 2628 414 2687 si
436 2623 492 2687 hoc
509 2634 594 2704 agat,
618 2636 688 2686 sunt
704 2627 757 2704 qui
779 2635 886 2705 nogent
903 2627 990 2688 illum
1013 2644 1151 2706 peccare.

142 2710 218 2779 ibid.
232 2728 316 2772 num.
332 2713 362 2771 5.

179 2799 214 2857 ln
235 2796 344 2875 tenrpla
357 2796 471 2875 polluto
481 2796 629 2856 celebrans
644 2797 796 2869 sacerdos,
815 2798 949 2875 quamuis
969 2806 1068 2875 peccet
1079 2816 1156 2875 gra-

140 2883 216 2943 viter
228 2924 237 2953 ,
251 2888 328 2941 utet
342 2898 404 2962 cap.
418 2882 450 2941 Is
463 2879 517 2959 qai
527 2878 662 2952 ,deuant
675 2900 813 2943 mantiam.
827 2885 860 2942 in
870 2885 900 2941 o.
915 2882 1029 2941 nullam
1046 2892 1152 2944 tamen

140 2981 258 3046 poenam
272 2964 414 3035 incurrit,
432 2963 499 3028 edm
524 2964 604 3024 nulla
623 2966 663 3025 sit
682 2966 714 3025 iu
730 2964 798 3041 jare
817 2981 973 3043 expressa3
995 2967 1070 3042 quin
1094 2985 1155 3026 nec

141 3050 270 3122 desunt,
290 3050 342 3126 qui
358 3049 480 3114 credant
502 3067 572 3109 euru
592 3048 715 3110 minime
736 3068 856 3126 peccare
876 3049 901 3109 si
919 3049 996 3152 adsit
1012 3051 1154 3130 Episcopi

142 3152 308 3195 consensus.

178 3220 313 3281 Vicissim
327 3228 426 3283 autent
445 3219 692 3296 irregularitatem
719 3217 841 3279 Summo
858 3219 995 3279 Pontifici
1016 3237 1153 3279 reserva·

140 3310 202 3364 tam
220 3303 363 3375 incurrit,
377 3305 430 3381 qui
454 3305 484 3363 in
503 3304 567 3365 loco
583 3304 741 3366 interdicta
758 3304 902 3377 celebrat,
929 3312 964 3363 ut
983 3321 1020 3363 ex
1039 3303 1151 3364 eodem

142 3388 252 3464 capla
268 3386 332 3465 qui.
350 3388 426 3449 lbld.
439 3405 470 3449 n.
481 3390 512 3448 l.

177 3468 315 3528 Sacerdos
335 3472 449 3531 ratione
473 3470 605 3532 beneficii
629 3448 785 3534 obstrictus
809 3473 855 3534 bis
880 3474 928 3536 vel
952 3482 999 3534 ter
1022 3473 1152 3551 singulis

137 3542 372 3612 hebdomadibus
404 3554 574 3629 celebrare,
596 3567 695 3639 potest
726 3559 889 3639 anticipare
921 3568 1059 3639 tempus,
1084 3561 1150 3620 ,nisi
