2642 4167
177 253 236 312 270
378 249 515 330 Epitoarc
528 246 668 310 doctrine
680 243 802 307 urorulis
815 253 842 305 et
857 244 1004 306 roraotn‘cor

372 399 375 404 ’
443 426 589 488 surana
609 422 917 488 rnruttaomruu.

219 580 254 642 ln
269 578 413 642 Brevibus
428 594 484 658 pro
506 577 591 657 altari
614 576 802 654 privilegiato
820 576 896 635 solet
910 573 1029 637 definiri
1044 593 1187 641 numerus

177 664 350 734 Missurum,
366 663 500 742 quotidie
518 662 549 720 in
564 660 689 721 Ecclesia
706 660 970 719 celebrandarum:
985 660 1008 719 si
1023 660 1098 722 torte
1108 664 1187 723 acei-

177 748 247 819 dat,
264 758 298 809 ιιι
314 747 460 825 aliquibus
475 746 580 805 diebus
592 761 734 805 numerus
749 744 804 803 iste
820 744 973 803 Missurum
985 743 1079 817 desit,
1096 746 1185 805 dum·
1304 711 1305 740 ἶ

178 833 269 893 modb
294 829 401 910 sapitis
425 831 456 889 in
479 828 663 889 hebdomadi
686 837 731 888 tot
758 830 852 887 Missae
878 828 1083 900 celebrentur,
1110 835 1186 907 quot
1304 843 1305 902 ᾗ

177 916 366 994 priuilegium
388 913 462 974 illud
485 914 595 990 exigit,
614 912 643 971 id
664 927 726 988 non
747 911 898 980 sullieere,
917 911 1075 973 declaravit
1095 914 1125 973 S.
1147 916 1181 974 C.

176 996 225 1059 die
237 1000 271 1059 X
272 1002 297 1059 1.
309 1000 388 1077 Sept.
403 998 489 1058 tout.
500 998 718 1074 Decretumque
727 995 802 1056 illud
810 995 983 1073 approbavit
992 998 1094 1056 Iunco.
1102 998 1181 1058 XII.

178 1098 213 1140 ex
230 1099 289 1160 quo
305 1082 429 1142 resultat
453 1081 650 1141 necessarium
674 1097 736 1139 esse
756 1079 879 1156 singuiis
901 1075 1005 1140 diebus
1023 1099 1181 1143 numerum

176 1164 331 1225 Missurum
344 1165 512 1225 definitum.
527 1164 630 1223 instit.
643 1160 752 1223 Erotes.
771 1164 817 1221 tu.
834 1182 865 1222 n.
879 1164 927 1222 to.

215 1250 410 1327 Indulgentiae
423 1248 521 1308 altaris
536 1266 602 1307 cum
614 1246 737 1307 definito
751 1264 876 1306 numero
888 1247 1040 1308 Missurum
1051 1293 1059 1321 ,
1072 1252 1095 1309 si
1108 1250 1183 1312 lortd

177 1335 329 1411 contingat
352 1343 485 1410 tempore
498 1330 650 1391 Adventus
671 1338 702 1390 et
719 1329 971 1407 Quadrupesimae,
985 1340 1020 1390 ut
1038 1333 1069 1392 in
1085 1334 1183 1394 Eoole·
1304 1343 1305 1410 f

176 1416 228 1477 siis
241 1417 429 1495 Regularium
443 1414 563 1494 impleri
586 1432 647 1475 non
668 1415 761 1491 possit
783 1432 944 1486 numerus,
958 1425 1183 1477 remanentsus-

178 1517 287 1579 pensae.
299 1500 430 1579 Reliquis
443 1500 513 1559 anni
526 1498 650 1571 diebus,
669 1498 694 1557 si
715 1496 791 1558 sorte
804 1496 835 1557 id
851 1496 921 1559 rard
940 1500 1107 1575 contingat,
1121 1518 1183 1561 non

178 1594 334 1644 remanent
352 1602 518 1662 suspense,
532 1582 608 1642 sicut
626 1598 681 1643 nee
698 1589 871 1653 remanent,
885 1582 910 1641 si
926 1583 965 1642 ob
980 1583 1183 1645 infirmitatem

177 1667 362 1729 sacerdotum
379 1677 440 1729 tam
461 1668 663 1737 secularium,
679 1664 768 1744 quim
781 1665 975 1742 'Regularium
996 1664 1064 1725 rard
1083 1673 1182 1728 tamen

178 1750 210 1810 id
223 1752 385 1895 tcloatinqat.
398 1754 442 1815 lta
461 1760 641 1814 morosaacta
650 1750 843 1829 congregatio
865 1748 914 1810 die
929 1750 978 1810 50.
995 1749 1067 1812 tatii
1090 1752 1177 1812 1706:

178 1835 221 1895 lbi
246 1853 299 1895 .n.
320 1836 366 1895 tr.

563 1986 803 2049 terraturio.

215 2117 432 2216 Appellationes
443 2153 563 2209 omnes,
579 2146 610 2198 et
628 2136 836 2212 inhibitiones,
850 2156 904 2218 per
923 2157 996 2218 quas
1015 2140 1185 2206 retardetur
1304 2167 1305 2208 3

178 2222 328 2290 executio,
346 2232 397 2283 aut
414 2223 593 2300 impediatur
612 2240 763 2302 processus
780 2223 816 2282 ad
837 2224 977 2284 ulteriora
991 2225 1023 2285 in
1040 2226 1094 2298 iis,
1109 2245 1189 2304 quo-

177 2321 245 2365 rum
267 2306 399 2365 executio
419 2305 436 2366 b
456 2306 647 2376 Tridentino,
664 2307 712 2365 vel
737 2308 1002 2367 Constitutionibus
1018 2310 1186 2385 apostolicis
1304 2285 1305 2310 ἶ

177 2389 329 2448 commissa
348 2398 392 2449 est
410 2391 542 2449 locorum
562 2389 727 2449 Ordinariis
740 2433 748 2460 ,
763 2390 862 2450 addita
882 2391 1029 2461 clausula,
1050 2392 1188 2473 appella·

178 2474 255 2533 tione
269 2471 315 2534 ael
330 2473 503 2536 inhibitione
518 2479 702 2553 qudcumque
712 2474 891 2553 postposito,
903 2475 968 2534 nea'a
986 2476 1185 2540 tribunalibus

96 2601 101 2606 -
177 2558 375 2636 recipiantur,
402 2559 505 2617 statuit
529 2559 664 2618 Pontilex
683 2559 715 2617 in
742 2557 824 2615 Bulla
847 2555 894 2618 Ad
918 2555 1085 2620 nrilitorttir.
1111 2563 1185 2636 Quae
1304 2597 1305 2612 t

177 2642 407 2717 appellationes,
429 2640 678 2718 inhibitionesque
702 2642 726 2700 si
745 2640 959 2706 concedantar,
987 2645 1184 2721 praeterqudm
1304 2651 1305 2662 ¹

177 2723 256 2803 qadd
276 2723 333 2784 boc
352 2724 415 2804 ojus
431 2735 573 2786 statutum
586 2727 735 2796 violetur,
750 2724 1057 2789 nullaesint.1bid.n.
1073 2729 1122 2788 58.

214 2810 409 2888 Excipiuntur
423 2818 520 2868 tamon
539 2827 637 2880 casus,
651 2810 704 2886 qui
722 2806 797 2869 sorte
809 2810 1006 2882 occurrerint,
1020 2812 1183 2889 singulares
1304 2799 1305 2826 ³

176 2891 213 2950 ab
240 2890 294 2951 bale
314 2894 417 2971 regula
445 2892 613 2966 eximendi3
636 2899 707 2950 tuae
737 2892 808 2953 verb
830 2911 867 2949 ne
886 2892 995 2951 dentur
1023 2896 1183 2954 naonitoria
1304 2919 1305 2932 ¹

176 2976 387 3053 citationesque
407 2984 506 3047 vetat,
529 2975 584 3033 nisi
606 2973 688 3051 priris
700 2976 731 3033 in
744 2975 866 3052 supplici
881 2975 982 3035 libello
994 2977 1031 3044 ad
1044 2977 1101 3039 hoe
1112 2997 1183 3057 por·
1304 2983 1305 3054 j

177 3058 300 3135 rigendo
316 3059 383 3118 sacti
410 3059 627 3117 circumstantia
649 3059 803 3135 peculiaris
823 3058 901 3118 clare
920 3072 1083 3136 exponatur
1113 3079 1181 3120 eum

175 3143 276 3219 aliquo
294 3142 472 3203 documento
484 3140 645 3219 semiplene
654 3143 757 3204 saltem
773 3141 908 3202 camdem
928 3143 1180 3207 annumerandam

175 3226 355 3288 veriteaato.
369 3224 448 3289 Ibid.
463 3245 496 3285 n.
508 3226 557 3284 59.

541 3385 810 3448 asraasoututt.
850 3409 853 3413 ’

211 3535 352 3611 Episcopo
367 3534 545 3613 ingredienti
563 3536 692 3612 aliquam
704 3535 858 3599 Ecclesiam
872 3535 1053 3612 collegiatam
1066 3540 1180 3618 porrigi

171 3612 257 3669 debet
269 3619 465 3686 aspersorium
483 3636 543 3687 non
558 3618 595 3677 ab
604 3617 817 3680 Archidiacono
829 3662 837 3691 ,
850 3635 900 3679 seu
910 3620 976 3680 aliis
985 3619 1022 3679 de
1037 3623 1182 3699 capitulo,
