2642 4167
231 273 244 333 i
249 268 288 334 CI
502 267 615 342 Praxo
626 264 810 349 confessarii.
825 269 897 348 Cep.
912 268 958 329 tt.

231 375 294 451 piat
313 372 413 432 dicens¹
434 390 442 428 z
465 371 538 430 Eece
559 387 673 430 marem
693 367 818 429 Domini
823 414 833 442 ,
857 366 951 448 (rpite
975 374 1075 448 portet
1097 368 1232 434 adortae.

232 459 269 517 Et
290 464 401 533 oegroto
426 453 613 515 osculandam
638 453 788 532 praebeat,
813 452 932 512 dicens:
953 449 1128 513 Deoscrtiore
1152 454 1235 535 pedet

231 541 304 601 Iesu
323 538 456 609 Christi,
476 537 649 618 quintae
670 556 751 598 crece
769 555 824 618 pro
845 534 940 597 salute
961 546 1013 596 tun
1034 547 1233 601 mortnaa‘ert.

269 625 338 702 285.
354 621 468 683 Deinde
484 622 581 682 dicat:
599 624 629 682 in
643 626 704 683 Deo
726 624 763 683 N.
780 623 817 682 N.
831 621 1022 704 Igitnrspem
1035 631 1116 697 tuam
1134 622 1209 699 jacta
1220 646 1237 684 a

233 726 351 787 sperare
371 708 508 767 volumus
531 708 653 767 Mariam
682 706 700 767 a
730 708 791 766 Dco
824 707 949 766 salntem
974 706 1026 765 tibi
1057 707 1235 776 intercedere
1270 700 1296 776 '2

232 793 328 853 velle:
345 792 502 852 infirmitas
520 800 618 851 tamen
638 792 735 869 gravis
754 799 817 867 cst,
833 791 978 849 voluntati
993 790 1046 850 Dei
1066 800 1147 851 tuam
1168 811 1236 854 con·

231 879 340 946 forma,
350 887 384 936 ut
396 876 432 936 de
446 885 475 935 te
488 876 573 935 iaciat
589 869 668 953 qood
684 877 745 953 ipse
761 876 836 934 ruit.
852 874 902 950 Eja
917 875 1007 952 igitur
1021 893 1134 935 mecam
1146 878 1234 942 recito

232 961 405 1022 christianos
425 967 525 1027 aetus,
543 968 575 1019 ut
589 979 658 1019 eom
673 961 735 1020 istis
754 960 790 1019 od
812 967 939 1020 mortem
959 969 988 1018 te
1009 959 1165 1036 disponere
1187 980 1236 1031 vaf

232 1047 314 1115 Iros,
336 1045 360 1104 si
385 1061 440 1121 pro
461 1044 539 1105 bono
562 1045 671 1105 animm
694 1054 754 1105 tuae
776 1043 816 1105 sie
842 1045 921 1102 Deus
948 1043 1154 1105 determinavit
1167 1066 1175 1121 3
1190 1045 1237 1107 die

231 1130 450 1210 crgdmecoma

269 1220 338 1279 986.
353 1218 442 1277 Aetam
453 1213 534 1294 fidei.
550 1218 628 1275 Deus
650 1233 751 1291 meas,
770 1215 933 1276 infallibilis
951 1216 1059 1275 veritas
1069 1261 1078 1291 ,
1095 1217 1165 1295 quia
1182 1227 1235 1290 tu,

232 1304 312 1384 quod
334 1303 454 1362 credere
480 1301 627 1371 debeant,
654 1303 685 1362 S.
706 1301 840 1360 Ecclesiae
860 1300 1021 1372 revelasti,
1047 1302 1135 1364 credo
1158 1303 1236 1380 quod

232 1388 414 1451 eredendum
445 1385 519 1447 mihi
542 1387 682 1463 proponit
710 1386 844 1444 Ecclesia.
872 1384 966 1445 Credo
996 1394 1025 1445 te
1052 1404 1114 1445 csse
1142 1388 1238 1449 Deum

234 1492 354 1544 meam,
369 1473 503 1531 omnium
515 1472 684 1529 Creatorem
696 1513 707 1542 ‚¹
721 1471 772 1548 qni
792 1487 845 1548 por
859 1477 951 1529 totam
971 1473 1163 1531 aeternitatem
1188 1490 1239 1549 pa·

234 1559 331 1618 radiso
348 1558 441 1633 justos
467 1573 660 1622 remuneras,
684 1564 849 1631 peccatores
871 1553 943 1614 reri)
966 1555 1084 1633 castigas
1107 1555 1235 1616 inferno.

233 1642 326 1706 Credo
346 1641 516 1720 Mysteriunr
529 1641 579 1698 SS.
596 1639 768 1714 Trinitatis,
789 1639 820 1700 id
841 1648 885 1699 est
897 1641 1038 1714 Patrem,
1057 1640 1185 1716 Filium,
1209 1648 1239 1701 et

233 1727 378 1806 Spiritum
399 1733 553 1794 sanctum,
573 1731 632 1783 tres
649 1740 806 1801 personas,
828 1722 879 1782 sed
896 1741 989 1782 unum
1014 1725 1119 1782 Dcntn.
1144 1724 1239 1784 Credo

235 1810 393 1872 secundam
415 1825 590 1887 personam,
611 1805 703 1866 idest
725 1807 831 1866 Filium
854 1808 928 1875 Dei,
951 1806 1101 1865 hominem
1129 1807 1241 1868 factam

236 1899 267 1958 in
289 1906 375 1972 utero
402 1894 501 1953 Mariae
517 1910 633 1969 semper
651 1892 792 1969 virginis,
816 1900 846 1951 et
861 1908 915 1967 pro
937 1893 1021 1950 nobis
1041 1893 1241 1969 peecatoribus

234 1989 387 2041 mortuum
405 1994 478 2037 csse.
499 1975 571 2035 lnde
589 1976 769 2046 resurrexit,
786 1985 817 2035 et
835 1994 913 2035 none
930 1977 1011 2035 sedet
1031 1977 1068 2036 ad
1089 1977 1244 2038 dexteram
1295 1997 1296 2002 ¹

233 2063 346 2136 Patris3
369 2068 400 2119 et
427 2061 497 2119 inde
528 2069 672 2119 venturus
696 2070 741 2120 est
765 2059 897 2137 judicare
924 2063 1007 2120 rivos
1032 2070 1062 2120 ct
1094 2071 1239 2121 mortuos.
1295 2119 1296 2122 ,

233 2147 327 2209 Credo
341 2154 454 2223 septem
474 2155 570 2203 saneta
591 2146 794 2219 Sacramenta,
814 2155 843 2204 et
865 2143 1009 2222 proeciptrd
1035 2146 1219 2222 Baptismum
1232 2190 1245 2217 ,

234 2230 458 2296 Paenitentiam,
473 2227 684 2288 Eucharistiam
693 2274 703 2304 ‚
717 2237 746 2288 et
766 2233 931 2289 Extremam
946 2230 1130 2290 Unctioncm.
1143 2232 1246 2292 Credo

233 2333 336 2376 omnes
357 2332 510 2391 resurgere
532 2313 640 2372 debere
662 2333 729 2372 eum
753 2315 924 2391 corporibus
947 2315 1029 2388 sois3
1048 2323 1079 2373 et
1106 2313 1244 2394 denique

233 2401 322 2461 credo
342 2416 430 2460 omne
447 2399 499 2468 td,
518 2398 598 2476 quod
620 2398 711 2458 credit
730 2399 761 2457 S.
774 2399 900 2459 Ecclesia
918 2395 1066 2461 catholica
1082 2399 1242 2477 Romana,

233 2487 265 2547 in
285 2502 342 2564 qna
356 2486 416 2543 sola
429 2482 516 2543 eredo
528 2500 590 2542 csse
604 2499 703 2542 reram
721 2482 825 2544 fidem.

273 2575 362 2630 Artas
377 2567 449 2650 spei.
465 2570 544 2628 Deus
565 2586 671 2639 meus,
692 2569 819 2642 confisus
836 2570 894 2630 tuis
916 2571 1085 2650 promissis,
1111 2574 1186 2651 quia
1212 2579 1251 2636 tat

235 2656 347 2727 fidelis,
361 2663 482 2733 potens,
499 2663 530 2714 et
543 2654 707 2714 misericors
724 2672 770 2726 cs,
789 2665 910 2734 propter
925 2658 1030 2715 merita
1047 2658 1116 2716 Iesu
1131 2657 1247 2719 Christi

234 2752 420 2820 peccatorum
432 2758 565 2800 meorum
585 2740 703 2799 reniam
718 2755 822 2822 spero,
836 2742 1082 2821 perseverantiam
1098 2741 1248 2817 finalem,

142 2901 144 2904 Ι
235 2837 265 2888 ct
278 2827 400 2904 gloriam
420 2826 555 2903 paradisi.

273 2913 362 2970 Actus
380 2910 507 2982 amoris,
532 2919 559 2970 et
576 2907 696 2972 doioris.
716 2913 794 2973 Deus
814 2929 915 2988 meus,
934 2913 1003 2991 qnia
1021 2922 1055 2976 tta
1070 2932 1105 2990 ,es
1126 2914 1250 2977 bonitas
1278 2961 1281 2964 -

235 2994 373 3070 infinita,
390 2994 507 3054 infinito
531 3014 631 3056 amore
656 2998 784 3075 dignus,
806 3007 867 3057 toto
891 2999 979 3056 corde
1002 3016 1068 3058 meo
1091 3007 1121 3057 te
1150 3000 1249 3077 diligo

233 3098 323 3158 super
348 3080 457 3139 omnia.
475 3082 510 3138 Et
527 3081 660 3139 omnium
683 3091 869 3157 pcccatorum
892 3099 1045 3149 meorum,
1067 3083 1136 3160 quia
1161 3094 1251 3146 tuam

235 3164 383 3225 intinitam
398 3163 558 3223 bonitatem
578 3164 706 3236 offendi,
732 3167 792 3226 totai
815 3167 995 3227 animemed
1020 3186 1068 3226 nte
1093 3171 1252 3245 poenitet,

228 3257 264 3305 'ct
277 3247 421 3326 displicet.
437 3246 535 3307 Potids
550 3251 624 3307 mori
644 3248 732 3326 quiam
752 3270 871 3329 peccare
893 3270 1046 3330 propono,
1060 3270 1127 3318 ¹enm
1150 3254 1254 3330 gratia

236 3339 304 3400 tua,
332 3350 420 3408 quarn
442 3340 474 3390 ut
501 3350 579 3390 nune
605 3334 679 3392 mihi
705 3336 755 3393 des
780 3344 810 3395 et
831 3354 970 3414 semper,
1006 3343 1038 3394 te
1060 3354 1187 3416 precor.
1216 3340 1255 3399 Et

234 3430 367 3489 propono
389 3424 487 3475 sancta
508 3418 693 3476 Sacramenta
716 3420 847 3496 recipere
868 3421 897 3479 in
924 3420 1004 3488 vita,
1022 3429 1052 3480 et
1078 3421 1109 3492 in
1131 3431 1255 3481 morte.

274 3494 458 3569 (Benedictus
474 3501 568 3559 XIII.
592 3500 727 3561 orrrrrr‘drts
746 3504 800 3581 qni
816 3499 904 3563 serari
919 3505 952 3563 a'rt
975 3500 1021 3563 die
1043 3502 1095 3564 Itos
1117 3501 1258 3567 eliciunt

229 3582 333 3666 oeteis,
347 3586 452 3654 septena
471 3600 565 3641 annos
584 3583 773 3666 iartniperrtitc
786 3583 913 3667 impitus
933 3595 993 3662 est,·
1013 3596 1040 3646 et
1059 3586 1089 3647 si
1096 3605 1258 3667 pertnen-

235 3667 293 3708 rrrn
306 3664 451 3735 intrarunt
460 3660 540 3738 fient
547 3710 558 3742 ,
573 3666 711 3747 confessis
724 3678 750 3732 et
762 3670 1002 3746 corranunicetir,
1010 3670 1103 3751 jrtato
1115 3682 1259 3738 otertttnt
