2642 4167
138 223 198 284 art
331 218 467 299 Epitome
483 213 623 281 doettioae
643 209 963 277 ormolisetcooonico

178 326 209 389 Si
229 323 337 387 mulier
363 320 485 401 gravida
508 317 650 391 decedat,
676 323 772 397 potest
793 315 953 394 Episcopus
974 311 1152 393 injungere,

141 421 174 472 ut
193 429 246 489 per
270 408 430 469 sectionem
448 421 600 465 caesaream
621 400 792 467 extrahatur
805 419 842 461 ex
862 408 947 460 utero
963 398 1082 470 inians,
1102 399 1153 476 qui

139 495 216 557 lortd
240 494 325 556 vivus
346 499 522 570 reputatur,
545 488 583 553 ad
607 485 690 557 hoe,
711 495 745 546 ut
774 502 890 546 marum
918 482 1061 560 baptisma
1083 500 1155 543 cun·

140 580 263 639 seratur.
289 579 355 638 Non
378 576 458 634 enim
481 574 512 633 id
535 581 579 633 est
593 570 794 649 impossibile,
815 577 849 631 ut
865 565 1035 629 extrahatur
1056 566 1152 626 rivus.

141 665 186 725 lle
201 665 273 742 Spu.
291 662 415 722 Dioeces.
429 658 482 719 lib.
495 659 620 735 ll.eap.
641 656 671 715 7.
682 675 714 717 n.
732 657 781 715 lb.
1057 720 1059 726 Ι

179 748 362 828 Baptismum
383 744 552 803 ministrare
567 751 701 820 tempore
724 738 813 819 pestis
827 757 863 800 eo
881 738 988 802 morbo
1008 736 1154 798 obstrictis

143 851 241 913 perse
256 850 317 892 uon
340 838 459 889 tenetur
477 828 659 905 Episcopus,
680 824 749 886 edm
771 825 821 885 ille
844 826 883 886 sit
908 823 1049 902 tanqutm
1069 839 1154 880 causa

143 918 339 989 universalis,
360 933 426 993 qum
446 931 506 975 noo
528 931 581 990 per
600 930 652 983 sc,
677 911 728 972 sed
748 930 802 989 per
823 911 1036 989 particulares,
1060 907 1090 968 id
1111 916 1155 967 est

144 1022 197 1084 per
211 1000 351 1082 parochos
375 1009 536 1078 operatur3
555 998 579 1059 si
601 1008 699 1057 tamen
715 998 790 1057 alius
808 996 885 1056 adsit
906 997 957 1075 qui
970 1003 1109 1074 praestare
1122 992 1153 1051 id

145 1088 245 1166 possit.
258 1088 302 1146 De
315 1087 389 1160 Syn.
404 1083 527 1143 Dioeces.
543 1082 597 1143 lib.
612 1084 660 1143 tt.
674 1101 738 1158 cup.
752 1083 799 1142 19.
815 1100 846 1140 n.
861 1083 891 1142 6.

183 1173 217 1233 ln
239 1170 414 1247 baptismate
440 1165 618 1226 conterendo
644 1175 768 1244 possunt
795 1166 961 1245 presbyteri
984 1163 1070 1242 graeei
1091 1164 1153 1222 loeo

149 1255 357 1318 latinoeiormae
371 1249 513 1312 adhibdre
528 1269 593 1312 earu
608 1269 698 1328 quam
715 1249 825 1310 hubent
839 1251 870 1309 in
883 1269 937 1311 suo
953 1248 1151 1327 Eueholopio:

144 1338 327 1421 Baptizatur
340 1352 442 1398 servus
458 1335 518 1396 Dei
539 1337 582 1397 N.
603 1335 637 1396 io
657 1333 795 1406 nornine,
809 1343 862 1395 eto.
887 1331 1156 1395 sicutetadhtbdrc

145 1424 255 1489 trinam
277 1440 360 1499 aqum
386 1421 607 1480 immersionem
626 1437 678 1481 seu
699 1420 898 1498 aspersionem
925 1437 993 1479 curu
1018 1417 1155 1476 omnibus

145 1506 334 1569 unctionibus
358 1522 427 1580 erpa
448 1503 651 1583 baptizatum,
671 1503 725 1567 ubi
746 1512 924 1565 tamennon
944 1512 990 1562 est
1010 1501 1155 1561 contraria

146 1591 336 1653 cousuetudo.
351 1589 517 1668 Presbyteri
537 1596 636 1649 tamen
649 1589 818 1649 Graecorum
831 1597 970 1649 vetantur
984 1585 1157 1663 consignare

146 1672 302 1736 chrismate
326 1674 358 1733 iu
390 1673 488 1736 fronte
510 1691 563 1733 suo
586 1674 755 1751 baptizatos.
788 1673 868 1732 Licet
896 1671 1024 1732 vicissim
1047 1670 1097 1728 -uti
1124 1668 1155 1728 in

146 1760 320 1839 baptismate
339 1757 416 1836 aqui
433 1757 545 1827 calidi,
570 1759 700 1818 sicut-et
717 1758 786 1818 lieet
812 1755 946 1835 parochis
962 1754 1064 1833 grecus
1088 1770 1157 1813 suos

146 1845 280 1907 subditos
302 1842 450 1920 baptizare
472 1843 547 1918 aquai
573 1861 626 1920 per
651 1844 730 1919 ipsos
757 1859 852 1919 graeco
882 1857 964 1900 more
990 1837 1155 1899 benedieti.

147 1929 293 1987 vetantur
310 1926 447 2003 insuper,
476 1944 514 1984 ne
541 1925 695 2003 baptizatis
715 1926 816 2004 pueris
841 1923 1081 1984 communionem
1102 1922 1159 1982 sub

148 2013 273 2089 utrique
294 2011 391 2088 specie
413 2011 460 2069 vel
489 2010 544 2071 sub
573 2010 631 2070 und
653 2011 891 2082 administrent,
923 2010 1029 2082 sieut,
1059 2024 1160 2086 neque

147 2095 256 2159 eisdem
270 2094 370 2172 pueris
382 2095 534 2154 conserant
548 2094 580 2154 in
602 2097 690 2155 missa
707 2093 930 2155 Eucharistiam.

186 2179 267 2241 Filiis
294 2181 385 2258 patris
412 2178 495 2239 latini
518 2186 549 2238 et
567 2182 671 2238 matris
696 2198 797 2256 graecae
815 2181 907 2240 latino
926 2179 986 2239 ritu
1012 2177 1159 2255 baptisma

148 2267 326 2330 eunleratur.
342 2264 373 2324 Si
384 2261 454 2323 verd
469 2271 551 2342 pater
568 2264 607 2325 sit
618 2282 729 2343 graecus
742 2273 773 2325 et
788 2274 882 2326 mater
895 2264 1009 2343 latina,
1027 2262 1160 2325 liberum

149 2353 206 2416 erit
221 2349 295 2430 patri
309 2348 402 2409 ritum
421 2347 541 2426 eligere.

187 2435 327 2515 baptizati
353 2433 414 2493 ritu
441 2451 537 2511 graeeo
553 2433 680 2497 sumunt
695 2432 896 2511 jurisdictioni
915 2432 1034 2511 parochi
1050 2452 1162 2513 grues

149 2538 243 2596 rum„
263 2530 318 2581 tm
338 2523 462 2596 posmot
474 2514 557 2577 latini
578 2518 687 2596 absque
704 2519 919 2596 dispensatione
938 2518 1020 2578 Sedis
1034 2519 1164 2596 Apostnss

150 2605 214 2664 lirae
224 2604 349 2662 transire
366 2600 402 2660 ad
419 2601 511 2659 ritum
533 2620 674 2680 gomorum.
691 2603 825 2662 Vicissim
847 2620 959 2680 grecus
980 2620 1016 2661 ex
1041 2619 1163 2662 eonces-

150 2687 233 2747 siuns
257 2686 392 2764 Episcopi
408 2685 492 2745 latini
519 2695 616 2764 potest
638 2686 676 2745 sd
698 2687 825 2747 latinum
846 2687 981 2746 transire.
1002 2686 1059 2758 Qui
1088 2684 1161 2745 verb

150 2770 246 2831 clerici
263 2780 333 2831 sunt
352 2772 384 2830 in
409 2788 597 2848 quocumque
620 2771 725 2831 ordine
742 2773 831 2830 ctiam
855 2773 965 2831 minori
985 2771 1159 2847 constituti,

150 2853 167 2915 t
187 2853 247 2914 ritu
260 2874 354 2934 ffoecn
376 2855 414 2913 ad
432 2855 557 2915 latinum
577 2856 639 2915 aine
661 2855 778 2916 licentii
798 2856 924 2915 transire
942 2864 1107 2933 nequeunt.

189 2939 243 2999 Fas
260 2947 305 3000 est
317 2938 417 3018 groecis
438 2937 636 2999 sacerdotibus
658 2940 774 3018 peracti
788 2940 850 3014 jam
870 2940 1110 3011 consecratione,
1130 2950 1162 3001 et

150 3033 219 3085 ante
237 3023 589 3094 communionem‚suam
606 3042 713 3102 aquam
730 3024 853 3083 calidam
864 3025 896 3083 iu
907 3040 1022 3082 sucrum
1042 3024 1163 3084 calicem

150 3111 316 3170 infundere.
1146 3112 1147 3117 ’

189 3197 256 3257 Νοιι
269 3195 337 3255 licet
356 3195 457 3273 grmcia
475 3193 674 3257 sacerdotibus
691 3211 840 3255 asservare
861 3201 1076 3254 sacramentum
1102 3195 1161 3256 Eu·

152 3277 295 3341 charistia·
314 3288 375 3340 toto
394 3297 484 3339 auno.

190 3365 256 3449 Nun
267 3363 334 3423 lieet
349 3364 456 3424 Graecis
474 3362 603 3423 initalia
624 3372 654 3424 et
670 3363 774 3424 insulis
785 3362 960 3441 degenti-bus
973 3360 1162 3422 Eucharistim

152 3445 324 3536 particulam
344 3463 514 3525 suspensam
532 3446 570 3507 ad
590 3447 700 3509 cottum
720 3491 730 3521 ,
752 3466 804 3508 seu
829 3448 862 3506 iu
881 3447 1002 3524 privatis
1024 3445 1162 3506 domibus

152 3525 292 3583 retroire.

192 3603 263 3672 Quae
286 3604 428 3672 servanda
450 3614 511 3679 sint
531 3613 549 3673 1
572 3615 679 3678 Graecis
707 3617 739 3676 iu
764 3616 952 3678 sacramentis
974 3612 1163 3675 conficiendis
