2642 4167
433 263 500 326 151.
514 263 533 326 5
549 263 595 326 De
616 262 771 328 ordinibus
789 260 864 348 maj.
1093 266 1151 329 757

147 355 203 446 pei·
223 362 346 426 modum
363 362 535 437 medicinae,
552 366 605 427 sed
622 365 739 427 tannim
756 368 916 444 insignum
941 367 1094 437 meroris,
1110 365 1150 426 ab

148 452 277 528 aliquam
296 450 494 526 gravissimam
520 449 659 527 injuriam
680 454 741 512 Deo
763 451 811 510 vel
829 450 962 511 Ecclesiae
979 451 1146 530 irrogatam.

149 538 214 616 ipsa
229 537 342 613 imponi
356 533 477 614 potesta
492 537 599 614 quibus
610 537 805 616 imponuntur
815 552 955 596 censurae.

475 708 513 768 V.
529 708 575 768 De
592 703 821 788 irregularitate.

187 870 236 931 87.
250 901 290 915 -
303 806 539 930 lnnucucinrrss
551 874 594 926 est
611 865 853 946 impedimentum
862 868 1051 943 canonicum,
1070 868 1151 933 ordi·

150 972 222 1014 num
232 969 384 1014 sacrorum
396 950 622 1030 susceptionem,
635 958 664 1010 et
675 957 871 1029 susceptorum
882 970 969 1013 mam
978 952 1150 1033 impediens.

149 1040 267 1099 Dictum
287 1047 329 1096 cst
342 1034 597 1115 impedimentum,
610 1053 671 1093 non
685 1053 827 1110 censura3
846 1038 914 1112 quia
927 1039 968 1097 sic
989 1038 1054 1097 vuit
1071 1056 1152 1100 cnm·

87 1146 90 1151 ·
149 1123 286 1197 munior,
311 1132 340 1181 et
355 1118 542 1198 probabilior
553 1119 720 1178 sententia:
743 1117 808 1178 virle
824 1116 874 1180 tiit.
894 1122 924 1180 7.
942 1140 974 1181 n.
999 1123 1067 1182 511.
1092 1124 1157 1183 ita-t

150 1207 272 1267 tandum
292 1204 341 1265 hic
368 1207 396 1265 t.
420 1201 500 1280 quiid
523 1202 722 1282 irregularitas
745 1221 804 1262 non
830 1205 1016 1275 incurritur,
1039 1206 1096 1265 nisi
1119 1207 1152 1268 in

149 1292 215 1371 jure
227 1292 266 1351 sit
283 1307 435 1368 expressa,
448 1306 482 1346 ex
495 1305 520 1347 5.
533 1290 566 1347 is
582 1285 650 1372 quai,
664 1285 699 1346 de
709 1294 782 1347 sent.
797 1306 905 1347 excom.
918 1287 1001 1347 Unde
1012 1290 1044 1348 15
1059 1288 1152 1352 dubio

66 1419 74 1431 .
150 1394 212 1437 555
233 1376 414 1442 incurritur,
436 1371 492 1434 nisi
508 1370 632 1429 dubium
650 1371 689 1429 sit
709 1371 787 1430 circa·
809 1369 1000 1431 homicidium
1020 1373 1151 1451 lactum3

151 1460 184 1520 in
212 1458 299 1519 dubio
319 1458 400 1517 enim
420 1499 428 1526 ,
449 1474 486 1515 an
509 1455 574 1532 quis
594 1454 630 1513 ad
658 1454 733 1513 iiiud
753 1456 936 1515 concurrerit
952 1457 998 1515 vel
1023 1475 1061 1516 ne
1075 1502 1083 1527 ,
1099 1458 1152 1517 ha·

151 1542 238 1602 betur
256 1553 288 1602 ut
308 1537 588 1618 irregularisibid.
616 1557 648 1597 n.
667 1541 736 1599 517.
759 1538 927 1599 Notandum
951 1541 980 1597 7.
1008 1540 1087 1618 qudd
1115 1543 1151 1603 ad

150 1628 357 1691 incurrendam
378 1626 621 1703 irregularitatem
648 1642 683 1682 ex
709 1623 838 1693 delicto,
864 1625 1028 1698 requiritur
1050 1627 1153 1690 saitem

150 1714 268 1773 scicntia
278 1713 349 1788 legis
361 1710 558 1770 ecclesiasticae
569 1705 763 1785 prohibentis.
772 1707 922 1765 dnautem
934 1707 1021 1765 ctiam
1033 1712 1152 1772 scientia

150 1800 276 1874 poenaet
297 1794 489 1855 Probabiiiter
516 1790 611 1849 adhuc
647 1790 795 1849 affirmant
825 1790 902 1848 Nau.
934 1789 1014 1869 Syia.
1044 1794 1149 1858 Sancit.

153 1880 287 1959 Castrop.
308 1881 398 1939 Runa.
413 1886 465 1937 515.
485 1873 556 1938 Vide
572 1871 645 1935 ibid.
673 1893 705 1934 n.
728 1874 795 1933 551.
818 1874 1019 1950 irregularitas
1038 1878 1153 1942 tollitur

150 1964 179 2022 1.
206 1981 259 2039 per
285 1963 473 2023 cessationem
495 1977 607 2027 causae,
624 1959 647 2017 si
668 1959 707 2017 sit
730 1976 766 2017 ex
789 1957 902 2017 deiectu
927 1962 1046 2032 aetatis,
1068 1964 1152 2042 igno·

150 2048 273 2121 rantioe,
288 2055 339 2106 aut
356 2044 536 2124 paupertatis
547 2086 556 2114 ,
567 2043 615 2102 vei
628 2043 755 2103 infamiae
765 2042 832 2101 iacti
845 2087 852 2110 ,
866 2060 931 2120 quae
941 2037 1054 2106 toilitur
1063 2049 1151 2111 etiam

151 2127 414 2208 permutationem
434 2127 509 2199 ioci,
534 2136 586 2185 aut
611 2144 664 2203 per
686 2127 947 2204 emendationem
968 2148 1036 2189 narn
1061 2131 1150 2207 alias,

150 2216 174 2273 si
188 2222 231 2273 est
240 2212 315 2290 juris
329 2258 337 2282 ,
351 2213 460 2272 scilicet
476 2229 529 2289 per
541 2213 728 2281 sententiam,
737 2213 901 2289 requiritur
913 2213 1099 2291 dispensatio.
1119 2220 1149 2278 7.

150 2297 205 2358 Pcr
226 2297 405 2373 baptismum
428 2296 462 2373 (si
483 2297 522 2354 sit
547 2314 583 2354 cx
612 2296 741 2372 delicto).
764 2299 793 2355 5.
817 2298 873 2355 Per
892 2297 1150 2375 dispensationem.

149 2381 177 2440 l.
189 2384 244 2440 Per
253 2383 461 2460 professionem
469 2381 632 2457 religiosam
644 2402 653 2455 3
672 2378 737 2438 vide
752 2379 793 2440 iit.
805 2398 837 2439 n.
850 2382 918 2441 557.

186 2467 236 2526 88.
248 2498 288 2509 -
299 2465 500 2543 irregularitas
517 2465 572 2523 5115
586 2473 629 2523 est
645 2482 681 2523 ex
695 2459 798 2522 delicto
811 2506 819 2533 ,
830 2464 885 2522 aiia
898 2483 934 2525 ex
946 2464 1070 2546 desecta.
1080 2468 1152 2529 irre·

150 2549 316 2627 guiaritatcs
335 2567 371 2625 ex
387 2548 493 2608 delicto
510 2557 579 2607 sunt
597 2565 670 2606 sex:
696 2548 720 2605 1.
743 2546 790 2604 01)
804 2546 982 2624 baptismum
1004 2549 1098 2622 serid,
1120 2559 1152 2612 et

149 2633 273 2693 scienter
289 2634 427 2692 iteratum
441 2674 449 2698 ,
464 2639 494 2691 ct
503 2640 574 2689 tunc
586 2631 621 2689 iit
632 2628 803 2712 irregularis
810 2635 871 2688 tam
884 2630 1032 2708 baptizans
1043 2676 1051 2704 ,
1062 2633 1152 2710 quim

148 2712 423 2794 baptizatumvidel.
432 2716 462 2774 7.
475 2734 508 2774 n.
518 2714 588 2774 555.
596 2715 635 2772 11.
646 2714 693 2771 01)
700 2711 889 2771 violationem
899 2732 1037 2786 censurae,
1046 2734 1153 2794 nempe

150 2799 172 2857 sl
188 2800 254 2877 quis
264 2801 296 2859 ea
309 2798 465 2859 innodatus
474 2799 599 2857 scienter
611 2804 727 2856 exercet
736 2804 834 2855 actum
846 2795 959 2855 ordinis
968 2799 1152 2878 solemniter3
1183 2795 1189 2804 '

149 2878 170 2942 t.
181 2899 209 2941 5.
219 2901 251 2942 n.
264 2885 393 2944 557111.
408 2883 453 2942 Oh
463 2888 625 2961 peccatum,
635 2897 695 2957 qno
707 2879 830 2938 clericus
843 2881 969 2940 scienter
979 2892 1008 2941 et
1017 2882 1093 2942 serio
1106 2901 1153 2943 aa·

148 2972 213 3026 tum
226 2967 420 3027 ordinissacri
434 3011 442 3039 ,
453 2984 541 3045 quem
552 2963 711 3024 nonhabet
724 2964 896 3025 solemniter
906 2975 1021 3025 exercet
1033 2987 1042 3040 3
1052 2962 1072 3024 t.
1084 2984 1108 3025 5.
1117 2985 1150 3028 n.

148 3048 215 3110 559.
233 3052 284 3111 lv.
298 3050 343 3111 0b
357 3049 469 3127 aliquas
492 3050 615 3109 furtivas
627 3050 823 3126 susceptiones
843 3050 981 3109 ordinum
994 3093 1013 3123 ,,
1023 3049 1052 3109 id
1066 3053 1152 3111 esti.

147 3131 172 3192 si
189 3134 255 3211 quis
272 3134 377 3212 accipit
390 3133 527 3193 ordinem
545 3133 609 3191 sine
621 3133 833 3215 approbatione
846 3134 978 3211 Episcopi
993 3177 1001 3202 ,
1018 3151 1054 3193 ex
1073 3150 1098 3194 5.
1118 3132 1154 3195 de

146 3232 179 3276 eo
191 3218 246 3297 qrri
256 3217 333 3296 [nrt.
353 3224 406 3278 515.
419 3219 449 3278 7.
464 3217 494 3277 81
517 3217 627 3294 absque
649 3216 865 3294 dispensatione
884 3217 1015 3294 ejusdem
1031 3218 1153 3296 suscipit

87 3329 91 3338 ·
146 3300 250 3361 caldam
268 3302 317 3361 die
329 3302 429 3380 piures
439 3301 575 3372 ordines,
589 3318 718 3378 quorum
732 3318 809 3360 unus
830 3310 986 3375 estserae,
1000 3319 1036 3361 ex
1044 3319 1070 3360 5.
1085 3304 1115 3362 7.
1125 3308 1156 3362 51

146 3384 176 3444 5.
191 3383 254 3446 ead.
276 3385 323 3445 tit.
337 3387 368 3445 5.
381 3386 438 3459 Qui
456 3394 523 3464 post
543 3386 769 3445 matrimonium
786 3392 970 3446 contractum
996 3397 1064 3449 ante
1083 3408 1154 3452 con·

36 3501 39 3510 ·
148 3469 379 3529 summationem
398 3471 504 3548 accipit
524 3468 659 3529 ordinem
672 3485 788 3528 sacrum
802 3511 811 3541 ,
831 3487 924 3530 uxore
937 3472 1083 3533 renitente
1095 3518 1104 3546 ,
1116 3491 1154 3536 ex

146 3551 276 3611 Exta-ae.
292 3552 425 3630 Antiqua
435 3552 471 3614 de
486 3561 553 3614 uoto
562 3597 572 3627 ,
586 3550 652 3612 uide
668 3550 718 3611 eit.
731 3548 753 3611 1.
768 3570 800 3611 n.
815 3553 882 3613 5111.
897 3555 1031 3616 Diximus
1054 3566 1152 3619 autem

147 3631 184 3697 at
202 3633 343 3717 aliquus,
362 3654 431 3698 nam
445 3637 509 3700 aliea
528 3637 644 3699 furtivae
666 3635 804 3699 ordinum
820 3642 1015 3720 susceptiones
1031 3659 1150 3705 enume-
