2642 4167
176 232 234 293 lla
470 226 582 291 Prusia
591 225 773 309 muscosorii.
788 228 863 308 Cup.
874 230 907 289 9.

176 331 338 410 intelligit,
361 346 421 407 qua
437 345 568 406 unquam
580 328 805 408 rationepotsst
824 328 866 388 ibi
882 328 979 389 anima
999 330 1182 408 intelligere,

176 427 206 477 et
231 416 322 475 verba
342 415 436 473 lacero
457 413 495 473 de
513 413 565 473 illo
579 411 682 473 divino
699 416 829 471 arcano?
844 413 1033 493 Respondent
1048 416 1184 492 mystici,

177 499 257 577 qubd
277 498 394 575 quando
408 499 487 557 Deus
508 498 592 568 vult,
612 504 647 556 ut
667 497 766 556 anima
787 495 932 575 intelligat
954 498 1073 577 aliquod
1090 516 1186 558 secrc-

176 593 240 643 tum
254 626 262 652 ,
281 591 333 641 aut
345 582 504 642 immittere
521 581 563 640 illi
574 581 702 656 aliquam
713 580 858 641 visionem
872 582 1120 650 intellectualem,
1137 582 1198 649 vcl,

177 667 401 743 imaginariam,
421 665 531 725 minuit
546 663 683 724 nonnihil
709 664 824 733 lucem,
846 666 886 723 ita
914 674 947 724 ut
968 666 1066 725 anima
1089 684 1185 725 rema·

177 760 245 810 neat
265 749 369 809 habilis
396 748 433 807 ad
456 746 691 826 cognoscendum
715 748 1005 827 etperpendendum
1023 749 1187 828 quodcum·

177 853 234 914 que
250 837 328 894 Deua
342 831 479 894 voluerit.
1199 839 1201 843 '

215 921 283 980 158.
301 919 432 978 Tandem
451 917 610 995 perlectior
629 921 724 988 unio,
746 935 812 994 quae
832 916 941 977 dicitur
961 927 1185 987 coiaaummoto,

176 1015 207 1066 et
225 1002 320 1079 major
341 1000 430 1080 quiam
459 1002 490 1060 in
517 1002 571 1073 hac
600 1003 660 1061 vita
684 1002 775 1080 possit
801 1002 879 1059 Deos
898 1003 1057 1061 concedere
1079 1004 1186 1063 animae

176 1089 314 1158 viatrici,
340 1096 385 1147 est
415 1088 464 1146 illa
493 1107 559 1165 qum
581 1087 691 1147 dicitur
712 1086 899 1148 oratrimom't'
917 1085 1106 1168 spiritualia,
1134 1107 1187 1166 per

176 1193 265 1254 quam
282 1173 380 1231 anima
394 1173 623 1232 transformatur
638 1173 670 1231 io
685 1172 801 1239 Deum,
817 1181 848 1231 et
862 1172 897 1231 lit
911 1190 1007 1233 unum
1032 1173 1105 1249 quid
1118 1192 1186 1234 eum

176 1260 261 1319 Deos
279 1257 384 1317 eodem
403 1256 491 1316 modo
505 1274 565 1333 quo
578 1274 628 1314 vas
646 1274 730 1332 aquae
744 1255 873 1314 inlusum
890 1257 966 1316 mari
986 1257 1187 1317 eraditunum

176 1359 333 1419 comaque
354 1341 455 1400 maris.
477 1343 514 1400 Et
530 1340 745 1401 advertendum
763 1336 812 1399 hle
832 1349 894 1416 est,
912 1338 992 1418 qobd
1007 1341 1038 1399 in
1061 1343 1186 1420 reliquis

177 1426 356 1495 unionibus,
378 1434 413 1485 ut
436 1424 601 1501 loquuntur
625 1424 760 1504 mystici,
782 1425 923 1502 potentiae
939 1433 1094 1485 remaneat
1121 1442 1187 1484 sus·

175 1527 292 1588 pense,
310 1509 342 1568 ln
356 1507 410 1569 hac
422 1507 493 1571 verb
507 1506 631 1570 minime
651 1506 899 1585 suspendunturi
919 1508 1060 1583 quoniam
1079 1516 1188 1588 poten·

179 1594 228 1654 tiae
241 1593 405 1672 purificata
419 1590 435 1652 h
451 1610 503 1652 sua
528 1592 737 1661 sensibilitate,
750 1601 780 1652 et
800 1591 1022 1668 materialitate,
1039 1591 1102 1668 jam
1115 1592 1189 1653 effe·

178 1687 232 1739 elae
247 1686 316 1737 suot
335 1694 452 1754 capaces
465 1677 573 1737 divino
586 1678 725 1748 unionis,
742 1678 782 1736 ita
799 1683 833 1734 ut
845 1677 981 1737 voluntas
995 1686 1073 1736 amet
1088 1677 1188 1737 Deum

176 1779 264 1820 suum
290 1760 504 1838 placidissime,
526 1762 692 1821 intellectus
714 1758 793 1821 recte
811 1769 981 1839 cognoseat,
1002 1769 1034 1820 ct
1053 1759 1188 1821 attendat

177 1845 246 1906 huic
263 1844 379 1905 intimas
404 1845 513 1906 divine
541 1847 666 1918 unioni,
688 1864 754 1923 qua
778 1844 841 1921 jam
864 1845 938 1904 lacta
957 1853 1002 1904 est
1025 1845 1058 1903 in
1077 1844 1186 1904 animae

77 1960 79 1964 ·
176 1937 278 1989 centro
288 1928 389 2005 „quod
406 1929 511 1989 accidit
527 1930 631 1990 eodem
642 1931 773 1990 ruodoac
786 1930 810 1987 si
823 1928 1068 2006 quisintueretur
1078 1929 1186 2000 solem,

132 2084 138 2094 ‚
176 2021 207 2073 et
219 2013 283 2072 aine
301 2013 360 2071 ulla
380 2013 543 2073 offensione
564 2015 719 2074 oculorum
740 2015 810 2073 solis
821 2012 1008 2091 splendorem
1027 2028 1188 2090 cognosce·

175 2102 233 2157 ret.
248 2098 371 2173 Insuper
388 2106 433 2156 est
451 2097 665 2159 advertendum
676 2140 684 2166 ,
696 2097 776 2176 qubd
794 2096 939 2157 hecunio
956 2104 1075 2157 nonest
1091 2105 1188 2155 trans·
1210 2138 1213 2143 -
1256 2153 1259 2157 ,
1296 2164 1297 2167 ¹

175 2181 279 2249 itoria,
295 2190 329 2239 ut
350 2179 417 2241 duae
433 2182 564 2258 priores,
578 2182 628 2242 sed
646 2200 843 2261 permanens,
860 2184 899 2241 ita
916 2182 1057 2245 ntanirua
1068 2181 1188 2240 fruatur
1243 2191 1246 2194 ’

175 2264 367 2327 habitualiter
384 2265 484 2324 divini
500 2266 654 2343 presentie
663 2264 726 2342 jam
749 2265 805 2325 sibi
826 2264 1003 2340 conjuncta,
1019 2273 1050 2323 et
1064 2264 1187 2323 fruatur

176 2354 209 2413 in
222 2369 292 2431 pace
305 2351 403 2411 stabili
418 2373 426 2411 a
443 2370 511 2412 nam
524 2355 672 2431 passiones
684 2352 758 2414 nihil
772 2350 898 2430 amplius
912 2369 975 2411 eam
990 2349 1186 2428 perturbante

174 2438 240 2498 illas
258 2436 378 2515 quidem
389 2437 487 2496 anima
501 2438 597 2497 ceruit
613 2438 688 2498 dum
712 2438 816 2497 facicm
835 2453 919 2495 suam
934 2435 1113 2510 ostendunt,
1132 2434 1189 2497 sed

174 2538 236 2582 noo
248 2522 403 2593 tristatur,
426 2539 481 2582 nec
495 2523 587 2582 ullam
601 2522 714 2602 patitur
724 2521 888 2581 molestiam
899 2520 936 2580 ab
951 2521 1027 2589 illis,
1042 2518 1190 2595 adinstar

175 2603 309 2682 ejusqui
330 2603 408 2666 lorti
429 2603 566 2667 habitans
587 2625 678 2685 super
704 2606 817 2674 nubea,
835 2614 969 2665 maneret
997 2612 1189 2683 tempaetatas
1296 2658 1297 2697 3

174 2687 297 2749 interius
310 2690 502 2763 evenientes,
523 2701 553 2752 et
569 2691 632 2770 ipse
651 2709 712 2751 noo
731 2699 901 2767 tangeretur
912 2687 950 2748 ab
966 2687 1036 2747 illis.

214 2775 282 2833 l'o'll.
297 2770 351 2832 llic
364 2773 415 2832 abs
429 2792 462 2833 re
479 2792 540 2834 non
559 2777 618 2834 erit
631 2773 730 2850 aliqua
745 2773 844 2833 illcere
856 2773 895 2832 de
907 2771 1088 2844 visionibus,
1101 2770 1191 2832 locu·
1296 2752 1298 2783 ⁷

176 2856 329 2927 tionibus,
351 2865 382 2915 ct
404 2858 634 2917 revelationibus
662 2858 699 2917 ad
720 2855 926 2934 discernendas
946 2855 1030 2915 salsas
1053 2851 1070 2913 h
1092 2855 1188 2917 veris.

94 2942 97 2947 ’
159 2939 370 2999 .Visionesvel
384 2949 594 3001 subtectarum
607 2942 654 3001 vel
671 2939 882 3020 inopinarioe,
897 2940 944 2999 vel
963 2933 1188 3001 intellectuales.

174 3024 316 3083 Erulorum
335 3031 406 3082 sunt
422 3042 489 3100 quaa
507 3025 598 3085 oculis
615 3036 790 3086 cernuntur.
804 3023 997 3103 Iuaopinorioe
1012 3039 1079 3099 quae
1101 3038 1191 3097 spec-
1243 3058 1247 3063 -

175 3117 277 3168 tantur
297 3107 333 3176 ,in
355 3105 529 3185 phantasia,
555 3126 605 3168 seu
631 3110 832 3186 imaginativa.
854 3103 1094 3173 Intellectuolea,
1116 3123 1191 3182 quar

175 3210 271 3269 neque
283 3191 394 3263 oculis,
408 3200 511 3270 'neque
533 3193 564 3252 iu
580 3191 732 3270 phantasia
751 3192 889 3252 videntur
901 3234 909 3261 ,
922 3190 972 3248 sed
990 3188 1081 3248 bsolo
1095 3189 1191 3249 intel·

175 3277 253 3337 lectu
269 3276 370 3338 divinia
387 3277 453 3336 luce
471 3277 593 3353 adjuto,
616 3296 684 3354 quae
701 3278 810 3356 species
833 3273 1034 3351 intelligibiles
1050 3272 1190 3351 ingerit3

175 3370 263 3437 atque
283 3359 345 3421 hae
362 3362 509 3421 visionum
532 3362 665 3439 species,
680 3361 795 3421 testes.
812 3358 969 3429 Therasia,
989 3363 1051 3416 tota
1063 3365 1109 3414 est
1123 3358 1191 3436 spi·

96 3515 99 3523 ι
175 3443 441 3521 ritua11s3nultam
472 3448 554 3506 enim
578 3446 611 3506 in
631 3463 665 3505 ca
691 3455 805 3523 partem
831 3443 942 3502 habeut
964 3457 1066 3501 sensus
1087 3456 1192 3517 oeque

158 3526 162 3533 '
175 3526 307 3598 externi,
325 3546 423 3606 neque
442 3531 572 3603 interni,
586 3530 722 3608 quisunt
740 3528 950 3605 imaginativa,
964 3535 995 3586 et
1016 3521 1190 3602 phantasia.

163 3606 347 3699 ,Nomadum
365 3610 446 3688 qubd
464 3632 561 3691 neque
575 3614 686 3687 oculis,
702 3614 800 3691 neque
815 3609 968 3691 phantasia
977 3616 1075 3690 potest
1085 3609 1189 3669 anima
