2642 4167
69 284 70 287 ,
168 219 208 279 40
451 216 564 277 Pacatis
574 215 757 297 confessarii.
774 214 847 294 Cup.
859 216 904 287 ⁶2„

169 318 333 386 mensium,
347 323 419 377 tunc
432 317 509 377 irrata
523 315 716 394 probabiliter
725 332 785 375 non
794 315 960 374 coalescunt
973 313 1004 373 in
1018 315 1175 377 materiam

168 417 287 481 gravem
312 400 428 479 (Ibem).
453 401 650 461 Probabiliter
672 408 770 459 autem
797 399 847 478 qui
869 399 981 458 fruetus
998 398 1120 459 ederent
1142 401 1176 460 iu

169 488 295 547 aliorum
314 486 430 557 uineis,
454 484 617 545 dummodo
639 502 700 544 non
720 486 780 543 sint
797 485 875 555 rari,
891 491 922 541 et
939 483 1038 560 magni
1061 484 1173 561 pretii,

169 578 292 649 possunt
308 571 439 629 excusari
456 570 559 628 saltem
575 568 591 628 a
605 576 724 646 peccato
737 570 835 647 gravi,
849 569 873 626 si
891 568 968 626 laras
994 584 1054 625 non
1068 585 1175 645 capor-

169 662 234 714 tant
244 654 275 712 in
289 669 392 730 magna
403 653 566 730 quantitate
579 651 654 723 (tit.
670 654 700 711 4.
713 671 744 711 n.
759 654 824 711 529.
839 654 895 726 Qu.
908 649 951 728 2.)
962 672 971 725 3
984 650 1015 709 in
1027 650 1082 711 boc
1094 654 1175 712 enim

169 755 271 800 rerum
291 755 416 816 genere,
439 753 505 813 quae
526 736 615 795 nimis
641 743 711 794 sunt
730 737 885 813 expositae,
907 733 1001 809 major
1027 738 1175 812 quantitas

133 813 136 818 ’
169 823 205 882 ad
220 840 340 899 gravem
358 822 511 881 materiam
523 821 758 880 constituendam
775 820 938 897 requiritur
950 818 983 900 (l.
995 842 1021 883 e.
1034 842 1067 882 n.
1082 822 1174 901 aaa).

170 906 206 965 Et
227 905 281 965 hic
299 906 414 965 ratione
436 905 560 964 faciliter
576 912 699 982 possunt
716 906 845 964 excusari
865 905 966 966 buruli
987 914 1017 966 et
1035 906 1174 977 lamulae,

171 990 306 1068 quaesibi
320 987 336 1047 ia
350 989 479 1047 dominis
497 997 620 1047 sumunt
639 1007 686 1047 res
700 988 911 1064 comestibilcs3
929 989 1018 1050 modia
1038 1008 1097 1049 nen
1115 990 1175 1048 sint

169 1075 203 1133 in
213 1089 319 1151 magna
337 1073 520 1150 quantitate,
534 1081 564 1132 et
578 1071 819 1131 extraordinariae
833 1069 867 1149 (l.
881 1092 905 1132 c.
919 1092 952 1133 n.
967 1075 1058 1151 545.)
1073 1076 1176 1150 Neque

171 1157 362 1219 condemnari
374 1156 484 1216 debent
497 1154 535 1215 de
551 1162 670 1233 peccato
683 1155 782 1234 gravi,
797 1157 848 1233 qui
863 1157 943 1235 ligna
961 1158 1113 1226 incidunt,
1125 1163 1176 1216 aut

171 1259 276 1320 pecora
296 1240 333 1300 ad
353 1249 470 1318 pastum
486 1240 600 1299 ducunt
620 1242 651 1298 in
672 1258 756 1316 agros
775 1243 1012 1317 communitatis,
1024 1240 1092 1302 licet
1105 1259 1178 1319 pro·

170 1325 299 1386 bibitum
312 1327 369 1400 sit3
382 1324 450 1401 quia
464 1324 535 1383 tales
555 1319 769 1401 prohibitiones
786 1335 943 1384 censentur
956 1344 1017 1385 esse
1027 1324 1103 1408 pure
1117 1344 1176 1403 poe·

170 1413 250 1473 nales
262 1406 296 1489 (t.
316 1427 342 1471 e.
355 1427 437 1469 num.
452 1407 521 1468 529.
532 1426 561 1467 υ.
577 1424 629 1486 qu.
647 1410 677 1467 t.
693 1416 721 1467 et
734 1427 765 1467 a.
779 1410 848 1468 aaa.
865 1428 894 1469 υ.
909 1412 938 1470 2.
957 1411 1017 1485 Qui
1032 1410 1066 1469 in
1078 1407 1176 1488 loco.)-

170 1497 302 1558 Gravitas
313 1503 411 1554 autem
430 1493 560 1553 materiae
571 1503 825 1552 commensuratur
839 1493 855 1552 a
869 1495 1010 1571 qualitate
1026 1513 1177 1573 personae,

172 1581 219 1640 eui
253 1580 369 1639 illatum
399 1586 442 1637 est
468 1577 634 1651 damnum,
665 1576 716 1635 sed
740 1576 796 1637 hoc
819 1576 911 1637 lusids
950 1579 1113 1638 discussum
1133 1587 1179 1639 est

169 1666 202 1725 in
215 1665 311 1743 Opere
323 1660 400 1740 (tit.
415 1663 444 1721 4.
459 1679 491 1720 n.
506 1660 597 1737 527.)
610 1658 685 1721 Ciam
704 1670 803 1721 antam
813 1662 889 1722 turta
908 1661 985 1723 liunt
997 1663 1013 1723 d
1025 1663 1112 1739 tiliis,
1126 1673 1179 1723 aut

168 1749 206 1808 ab
222 1748 382 1818 uxoribus,
397 1744 562 1823 requiritur
580 1743 675 1805 mutat
687 1744 782 1822 major
792 1748 959 1823 quantitas,
973 1756 1006 1807 ut
1018 1749 1077 1807 sint
1089 1766 1178 1828 grave

169 1840 320 1912 peccatum
332 1852 341 1905 3
353 1839 383 1889 et
398 1830 466 1890 rard
483 1829 514 1889 hi
528 1838 667 1889 tenentur
680 1830 734 1889 sub
753 1831 835 1909 gravi
850 1829 1028 1910 obligatione
1038 1832 1075 1891 ad
1091 1832 1182 1920 resti3

169 1919 315 1977 tutionem
329 1913 360 1993 (l.
376 1933 399 1974 a.
417 1932 450 1973 n.
466 1916 534 1974 559.
547 1922 576 1973 ct
592 1913 685 1990 545.)

200 2003 258 2061 45.
271 2003 374 2060 Certus
386 2000 478 2058 sactus
495 2000 532 2057 de
552 1999 633 2077 gravi
649 1998 821 2075 poenitentis
835 1998 1014 2076 obligatione
1035 2000 1179 2059 consessa·

169 2088 251 2156 rius,
266 2084 400 2162 inspiciat
412 2085 435 2142 si
449 2084 596 2161 paenitens
612 2083 708 2141 valeat
722 2083 878 2143 restituere
889 2129 897 2148 ,
910 2082 978 2143 licet
993 2101 1060 2143 eum
1078 2084 1178 2160 aliquo

170 2167 379 2230 incommodo:
393 2175 423 2226 et
445 2185 513 2226 eram
535 2183 596 2226 non
612 2166 761 2237 absolvat,
778 2167 834 2225 nisi
849 2165 932 2244 priuis
945 2168 1098 2240 restituat,
1110 2166 1180 2227 licet

170 2255 221 2314 ille
233 2255 314 2330 signa
328 2251 558 2310 extraordinaria
578 2250 795 2310 emendationis
804 2250 940 2324 exhibeat
952 2249 1028 2328 (Lib.
1042 2253 1074 2311 4.
1091 2270 1177 2311 num.

171 2336 263 2415 684.)
277 2339 355 2396 Bona
378 2336 458 2394 enim
481 2343 551 2394 sunt
563 2334 685 2411 quidam
698 2336 833 2413 sanguia,
847 2336 897 2413 qui
907 2334 924 2395 ia
933 2336 1014 2395 venis
1026 2354 1086 2395 non
1098 2338 1181 2395 erui·

171 2430 222 2482 tur
239 2421 296 2479 nisi
319 2437 386 2479 cum
407 2435 512 2497 magna
531 2418 583 2489 vi,
607 2426 639 2477 et
661 2419 774 2479 dolore.
800 2420 884 2479 Unde
898 2420 922 2479 si
948 2421 1096 2480 restitutio
1116 2439 1179 2482 non

171 2506 206 2566 tit
229 2511 298 2563 ante
318 2502 552 2573 absolutionem,
567 2518 634 2560 cum
656 2502 830 2562 difficultate
849 2504 974 2563 maxima
987 2503 1038 2562 liet
1058 2515 1179 2582 postca,

173 2598 208 2650 ut
223 2587 406 2665 experientia
419 2584 580 2646 admodbm
592 2584 745 2645 doeemur.
761 2587 860 2646 Potest
872 2588 965 2665 excipi
983 2586 1098 2648 tantiam
1117 2608 1182 2666 poe·

173 2674 291 2743 nitens,
305 2672 357 2749 qui
377 2670 417 2729 ita
429 2670 806 2730 meticulosaeronsctennae
818 2680 908 2741 essct,
923 2680 956 2729 ut
976 2670 1013 2729 de
1024 2689 1060 2730 eo
1080 2675 1181 2733 nullus

173 2755 328 2818 dubitandi
340 2755 421 2813 locus
436 2764 612 2832 superesset.
624 2754 691 2812 Dixi
705 2771 771 2813 caran
786 2750 888 2834 aliquo
898 2754 1078 2815 inconmodo
1086 2780 1098 2833 ,·
1111 2761 1181 2836 quia

173 2842 264 2902 aiille
276 2836 459 2897 restituendo
469 2855 531 2896 non
544 2846 639 2908 esset,
654 2839 727 2915 quin
747 2839 778 2896 in
797 2857 915 2915 gravem
934 2841 1133 2901 necessitatem
1149 2861 1181 2904 se

174 2926 349 3000 conjiceret,
364 2921 396 2981 id
417 2931 462 2981 est
479 2924 551 3000 quin
569 2922 586 2981 ia
606 2932 683 2981 statu
703 2941 778 2994 suo,
798 2943 886 3001 quem
903 2924 983 3000 juste
1004 2926 1179 3003 aequisivit,
1226 2981 1228 2984 .

174 3009 307 3077 decidat,
327 3014 398 3066 tunc
417 3006 467 3066 ille
493 3015 590 3085 potest
612 3006 733 3065 differre
759 3010 996 3078 restitutionem,
1018 3009 1181 3074 dummodd

175 3093 303 3155 ereditur
318 3108 378 3150 non
395 3090 435 3149 sit
454 3092 485 3150 in
505 3094 590 3168 gravi
614 3093 796 3151 necessitate.
818 3091 981 3162 lmb,licet
997 3093 1125 3153 creditor
1142 3098 1183 3157 sit

175 3179 207 3238 in
218 3177 300 3255 gravi
318 3176 505 3245 necessitate,
518 3175 711 3253 probabiliter
723 3193 777 3235 nec
790 3176 878 3235 etiam
889 3185 1007 3235 tenetur
1016 3176 1132 3236 debitor
1143 3180 1182 3255 ad

175 3261 412 3329 restitutionem,
427 3256 495 3319 cium
515 3260 578 3337 ipsa
596 3261 708 3339 pariter
728 3262 760 3319 in
778 3261 860 3338 gravi
879 3264 1051 3322 necessitate
1068 3265 1183 3339 reperi-

176 3352 246 3413 tur,
263 3350 295 3401 et
315 3361 368 3421 per
382 3344 599 3404 restitutionem
620 3344 842 3404 constituendus
861 3352 935 3403 esset
955 3344 986 3402 in
1012 3347 1184 3407 necessitate

176 3428 257 3506 quasi
279 3437 420 3488 extrema.
434 3429 496 3489 Hoc
515 3436 615 3489 tamen
628 3429 808 3508 intelligitur
821 3428 910 3489 modb
931 3445 977 3486 res
1000 3428 1094 3488 ablata
1120 3450 1183 3492 non

175 3519 255 3571 extet
268 3511 297 3569 in
318 3511 413 3588 specie
425 3532 434 3588 3
448 3522 478 3572 et
493 3513 582 3573 modd
595 3514 725 3574 credi-tor
737 3512 884 3591 precipue
901 3529 962 3570 non
975 3512 1107 3571 redactus
1117 3514 1183 3574 fue-

174 3595 216 3653 rit
227 3593 266 3655 ob
277 3594 352 3654 illud
363 3595 480 3658 tortum
493 3596 601 3658 ineam
615 3616 737 3677 gravem
754 3597 954 3659 necessitatem
966 3591 1034 3672 (bc.
1046 3614 1077 3656 n.
1088 3597 1183 3675 705).
