2642 4167
211 242 271 307 tto
404 237 539 321 Epitosac
552 237 691 301 doctnoce
701 233 1021 302 mosoltsetcoaoaue

211 338 586 408 eleotisindermonlt‚ut
598 339 653 399 silui
669 356 730 399 non
752 339 839 399 ltcest
858 346 960 398 contra
972 338 1050 418 ipsos
1071 341 1209 406 electores
1285 346 1286 353 ’

210 425 389 504 procedere,
402 431 454 483 out
467 423 606 483 obsistere
619 423 792 484 officialibus
804 423 932 500 Capituli
944 466 952 491 ,
968 423 994 482 si
1013 424 1085 501 quid
1099 429 1212 505 egerint

210 519 242 573 et
252 510 456 571 decreverinta
471 509 635 586 pactiones,
648 508 788 585 inquom,
804 508 899 567 illaesi
915 507 1086 568 electionem
1105 526 1212 589 praeee-

208 594 293 661 daut
308 594 396 653 nullae
406 590 528 653 omnino
541 599 570 650 ot
588 592 680 651 irritae
692 591 878 650 declarantur
887 591 923 651 ab
933 593 1036 651 Iassos.
1046 594 1123 653 XII.
1136 598 1211 656 Con·

207 678 364 739 stitutione
378 677 535 753 incipiente
548 671 684 736 Eceiesiut
696 672 855 735 cotltolicae.
871 677 942 748 Quae
958 675 1028 737 rerd
1039 678 1212 756 subsequen·

210 768 276 831 tur,
297 761 416 820 illorum
432 759 634 819 executionem
655 759 825 836 suspendit,
840 759 934 818 donce
954 760 1040 819 Sedes
1056 765 1209 841 apostolica

207 843 354 922 judicium
365 844 402 904 de
417 845 474 903 illis
486 844 569 902 ierat.
585 843 628 903 lb.
645 861 677 902 ιι.
691 845 738 902 17.
754 844 805 901 lle
822 841 895 902 read
909 844 1057 920 pactiones
1074 849 1170 906 vetitae
1182 857 1210 907 ct

209 929 303 988 irritae
316 927 614 998 censentur,etiumsi
634 927 745 985 luerint
763 923 909 1001 ltonestae,
930 935 964 984 ut
982 944 1020 989 ,ex
1041 929 1104 988 DI).
1119 931 1162 989 11ι.
1178 951 1208 990 ιι.

209 1013 258 1072 tt.
270 1014 392 1090 Insuper
402 1011 507 1070 adsunt
515 1011 548 1068 ed
564 1011 600 1069 de
612 1028 644 1069 re
655 1011 771 1069 Littera
781 1010 946 1087 apostolice
955 1010 1107 1072 Beuedt'cti
1114 1014 1207 1076 XIII.

208 1094 240 1154 in
256 1094 350 1156 Iormd
361 1096 460 1155 Brevis
471 1093 610 1172 legendae.
622 1094 698 1154 lbid.
712 1112 741 1154 n.
754 1094 804 1154 rt.
836 1086 842 1103 ⁹

247 1193 381 1270 Episcopi
393 1191 568 1270 suffraganei
589 1192 613 1251 si
631 1191 808 1254 decorentur
836 1191 924 1271 pallio
935 1237 943 1263 ,
956 1193 987 1254 in
1004 1194 1094 1256 bullis
1112 1205 1207 1258 tamen

209 1274 272 1354 ejus
289 1277 483 1337 concessionis
496 1285 631 1348 cavetur,
643 1294 680 1335 ne
694 1275 765 1353 quial
782 1277 943 1353 prejudicIi
972 1297 1007 1338 ex
1029 1279 1085 1340 hoe
1106 1283 1224 1342 intera.

208 1371 258 1423 tur
271 1378 375 1421 eorum
390 1361 600 1439 Metropolitis,
615 1362 687 1439 quin
704 1371 733 1419 et
747 1370 883 1420 vetantur
901 1362 975 1423 illud
990 1364 1067 1423 Ieme
1087 1366 1118 1425 in
1137 1386 1210 1445 proe·

208 1446 300 1506 sentid
309 1443 702 1523 llrclriepiseopiDeSynod.
715 1443 807 1502 Dioee.
818 1443 869 1503 lib.
885 1447 931 1505 13.
942 1449 1057 1524 caput.
1066 1466 1151 1508 num.
1162 1452 1207 1509 10.

207 1546 211 1553 ’
247 1529 334 1589 Pallii
350 1527 463 1588 honore
477 1545 535 1588 non
559 1526 734 1586 decorantur
754 1526 839 1585 latini
861 1529 1036 1588 ratrtarcuoe
1060 1533 1208 1604 titularet,

207 1611 457 1691 quemadmodum
473 1629 528 1671 nec
540 1609 756 1688 Archiepiscopi
769 1610 800 1668 in
814 1613 964 1688 partibus3
978 1612 1045 1673 eiam
1055 1617 1135 1674 enim
1150 1618 1210 1694 pal-

209 1697 250 1756 lio
263 1714 351 1756 nemo
367 1697 408 1755 uti
429 1699 610 1774 possitextra
630 1694 813 1772 prouinciam
825 1713 929 1773 suam,
941 1696 985 1756 illi
999 1698 1131 1776 prolecto
1141 1700 1209 1761 alibi

208 1791 439 1842 commorantur.
453 1779 527 1840 Iltid.
539 1798 570 1838 ιι.
584 1780 631 1840 17.

246 1881 471 1959 Episcopatuutu
492 1879 722 1958 resignationes,
741 1878 887 1956 quaesibi
906 1881 1038 1959 permitti
1062 1880 1210 1960 postulant

208 1962 361 2040 Episcopi,
378 1982 437 2023 non
449 1962 649 2022 admittuntur
659 1964 674 2022 ai
686 1965 917 2040 congregatione
932 1967 1122 2028 consistoriali
1134 2013 1143 2035 ,
1155 1971 1211 2030 nisi

209 2062 244 2104 ex
259 2048 406 2106 canonicis
420 2049 513 2106 causis
529 2048 679 2106 recensitis
698 2049 728 2106 in
741 2067 804 2125 cap.
820 2049 892 2107 Castu
908 2047 1040 2128 pridem,
1056 2049 1091 2112 de
1103 2071 1228 2112 resisus--v

208 2126 288 2198 stat,
314 2149 379 2207 quae
403 2140 501 2189 tamen
525 2147 626 2189 omues
650 2131 687 2190 od
713 2132 742 2189 id
764 2132 955 2201 reseruntur,
980 2143 1014 2192 ut
1039 2134 1115 2195 clare
1143 2156 1213 2196 cou-

208 2220 265 2272 stet
281 2214 358 2291 ipsos
376 2213 468 2290 piebis
488 2232 549 2274 suae
561 2213 647 2274 saluti
669 2215 805 2292 prodesse
814 2214 940 2292 amplius
952 2234 1011 2276 non
1024 2237 1116 2295 posse.
1133 2219 1209 2280 totu.

208 2315 272 2376 cap.
287 2299 334 2358 16.
355 2316 440 2357 ιιιιιιι.
454 2299 485 2356 5.

246 2396 380 2475 Episcopi
393 2397 550 2476 Regulares
565 2397 590 2457 si
607 2415 638 2458 se
647 2396 851 2468 ,abdicaverint
863 2399 1057 2478 Episcopatu,
1072 2412 1211 2463 tenentur

208 2481 333 2542 elaustro
365 2500 425 2542 suae
450 2482 601 2562 religionIs
628 2496 783 2559 repetere,
816 2484 873 2543 nisi
904 2486 991 2545 aliter
1022 2488 1226 2559 commissum,

208 2564 276 2711 {ictae
285 2564 514 2711 ¹Sb.i(llor¹olti{ce...
530 2568 573 2627 Ito
592 2565 767 2628 Benedictus
775 2568 870 2628 XIII.
882 2569 914 2627 in
942 2569 995 2629 sud
1008 2569 1089 2631 bulla
1109 2573 1212 2632 Cesto-

246 2745 344 2804 Causoe
369 2742 574 2822 resignationis
595 2762 655 2804 uon
675 2750 735 2805 ιιιιι
767 2744 900 2823 rigorose
921 2746 1122 2808 esaminandae
1143 2759 1211 2813 sunt

207 2825 240 2887 in
256 2827 359 2886 ordios
377 2827 415 2887 od
433 2827 599 2887 Cardiualos
613 2829 818 2905 Episcopatum
842 2831 1042 2906 resignantes,
1068 2833 1140 2893 dum
1160 2853 1215 2893 vo·

209 2911 274 2972 lunt
290 2929 320 2971 se
342 2913 474 2972 conferre
487 2914 629 2984 Romam,
650 2923 685 2972 ut
698 2914 980 2976 assistant'llomano
995 2918 1143 2991 Pontifici.
1166 2920 1210 2977 Ito

204 3014 245 3065 ¹eu
255 2997 409 3077 Fopuutto.
423 2996 497 3055 Ibid.
513 3015 545 3056 ιι.
560 2999 588 3057 5.

247 3095 405 3173 Episcopus
417 3097 571 3157 translatus
590 3116 624 3157 ex
636 3117 697 3158 uno
712 3099 743 3158 iu
757 3100 848 3160 olium
865 3101 1063 3178 episcopatum
1083 3104 1141 3162 Irui
1157 3121 1213 3182 po·

209 3187 266 3238 test
284 3178 426 3241 reditibus
439 3180 572 3241 Ecclesiae
583 3181 620 3251 ‚d
638 3183 698 3260 qua
709 3183 851 3253 discedit,
865 3201 959 3262 usque
979 3186 1016 3244 ad
1032 3185 1117 3245 illum
1140 3197 1214 3248 tem·

209 3261 288 3340 poris
300 3263 456 3323 articulum
469 3306 478 3334 ,
492 3281 552 3341 quo
568 3263 585 3323 'a
597 3265 719 3324 Summo
732 3267 870 3327 Pontifice
886 3269 918 3326 in
933 3269 1138 3329 consistorioia
1149 3274 1213 3332 vln-

208 3345 275 3405 culo
296 3347 403 3422 prioris
418 3347 548 3407 Ecclesiae
559 3349 741 3408 absolvitur:
757 3369 792 3408 cr
806 3360 876 3410 tunc
893 3352 972 3411 enim
993 3353 1077 3429 prior
1087 3355 1213 3416 Ecclesia

209 3445 310 3485 uacare
336 3439 489 3505 censetur,
518 3441 551 3489 ut
571 3451 607 3491 ex
630 3432 806 3493 dedititioue
828 3436 937 3511 congr.
964 3437 1053 3494 Cone.
1079 3454 1131 3512 por
1153 3439 1212 3496 Ur·
1285 3458 1286 3461 ¹

209 3507 277 3566 dun.
294 3510 370 3567 vluss
387 3507 557 3593 approbati.
567 3516 613 3574 lb.
630 3534 661 3574 n.
686 3518 716 3576 7.
735 3518 838 3595 Neque
860 3518 939 3577 idem
961 3518 1121 3596 Episcopus
1141 3529 1212 3596 post
1285 3536 1286 3601 j

208 3588 420 3657 absolutionem
431 3595 449 3655 l
461 3599 600 3681 viuculo,
612 3597 685 3676 jure¹
696 3611 792 3680 potest
807 3603 940 3664 conterre
958 3603 1096 3662 beneficia
1111 3646 1120 3675 ,
1141 3622 1212 3680 quaes
