2642 4167
399 249 492 332 §.1v.
509 249 594 312 Circa
603 246 873 332 jodicisofficiom.
1100 253 1135 314 at

128 372 185 432 pro
213 351 343 426 veniali3
363 349 397 411 hi
422 350 504 411 enim
523 350 675 412 multoties
699 353 899 430 respondent,
922 359 958 413 ut
977 368 1061 412 ersus
1082 351 1139 412 siba

127 437 217 497 umba
238 435 387 514 suggerit3
406 443 437 494 et
452 433 509 495 hoc
528 436 711 513 experientia
727 446 871 498 testamur
888 437 935 515 (ut
954 452 1008 513 ego
1032 435 1139 496 millies

126 521 304 595 observavi).
318 517 404 591 Quod
413 520 437 578 si
452 518 642 578 confessarius
655 518 822 598 paulopost
836 519 946 581 iterium
957 520 1137 593 interroget,

126 604 311 684 respondent
331 602 422 662 modo
445 609 508 662 toto
527 600 543 660 a
563 603 663 680 primo
689 602 817 665 diverso.
841 605 893 664 lv.
916 602 1137 664 advertendum

126 691 203 748 circa
228 704 387 746 numerum
416 694 622 763 peccatorum,
650 705 778 763 quorum
801 704 893 765 pravo
919 686 1022 750 habitu
1044 684 1136 762 aliqui

125 778 288 842 tenentur,
305 768 374 831 ciam
387 788 447 829 non
458 770 548 846 possit
563 768 666 829 haberi
684 788 825 830 numerus
839 780 954 839 certus,
972 779 1056 829 curet
1067 787 1138 829 con·

126 855 266 916 fossarius
283 863 392 913 statum
413 854 586 930 poenitentis
606 871 800 929 cognoscere,
815 872 922 932 nempe
934 853 1053 914 vivendi
1073 869 1138 911 mo-

126 941 221 1013 dum,
237 937 463 1015 applicationem
474 954 564 1013 quam
588 936 735 1013 impendit
752 936 788 996 ad
802 939 856 997 alia
874 937 1007 1015 negotia,
1022 945 1138 1013 tempus

126 1020 351 1083 consuetudinis
370 1038 436 1079 cum
456 1019 617 1097 complice,
639 1020 737 1080 locum
758 1020 808 1081 ubi
831 1017 1018 1099 potissimum
1040 1035 1138 1078 mora·

126 1114 177 1164 tus
190 1110 252 1179 est3
266 1111 297 1162 et
310 1103 417 1163 deinde
434 1103 599 1180 interroget
620 1102 658 1162 de
680 1122 823 1174 numero,
839 1102 1050 1182 interrogando
1075 1120 1138 1179 pte·

126 1189 297 1256 nitentem,
311 1187 427 1263 quotics
446 1187 565 1245 circiter
587 1187 750 1263 peccaverit
768 1187 799 1245 io
816 1186 885 1257 die,
902 1196 953 1245 aut
971 1188 1003 1245 in
1025 1183 1137 1244 hebdo-

127 1272 215 1332 mada
228 1315 237 1342 ,
250 1280 303 1330 aut
324 1287 447 1342 mense,
464 1286 632 1347 proponens
644 1269 672 1328 ei
686 1270 786 1346 plures
801 1288 940 1331 numeros
952 1315 961 1342 ‚
974 1288 1022 1330 ex.
1032 1288 1077 1346 gr.
1091 1276 1138 1329 ter

127 1366 182 1414 aut
195 1361 318 1432 qaaater,
337 1356 429 1413 octies
452 1353 500 1412 vel
518 1353 631 1425 decies,
654 1361 689 1413 ut
707 1353 806 1413 videat
826 1356 875 1418 eui
895 1371 1021 1414 numero
1039 1351 1137 1431 potitis

126 1440 180 1500 ille
195 1438 349 1498 adheret?
362 1439 398 1496 lit
417 1439 440 1497 si
463 1438 610 1515 paenitens
622 1454 749 1496 numero
767 1436 871 1514 majori
894 1438 1039 1508 adhaeret,
1059 1438 1137 1516 opti-

125 1541 212 1583 mum
230 1523 307 1581 lactu
324 1521 403 1591 erit,
421 1522 444 1579 si
464 1518 574 1580 iterdm
594 1522 794 1599 interrogetur
814 1522 852 1582 de
871 1540 996 1583 numero
1017 1520 1135 1597 maiori.

127 1606 187 1665 Sed
207 1605 239 1664 in
257 1603 313 1664 lroc
323 1605 516 1664 confessarius
532 1601 683 1679 advertat,
696 1624 733 1665 ne
746 1606 855 1666 formet
872 1608 909 1666 de
923 1622 1048 1666 numero
1058 1604 1139 1679 judi-

128 1692 209 1764 cium
227 1699 344 1748 eertum
358 1710 368 1763 3
384 1699 468 1749 notet
486 1688 684 1766 frequentiam
706 1690 738 1750 in
759 1708 887 1767 genere,
909 1696 941 1765 et
962 1689 994 1747 in
1016 1688 1138 1748 contuso

125 1774 275 1851 judicium
290 1774 395 1842 iaciat,
408 1771 657 1850 apprehendendo
676 1783 792 1851 peecata
803 1780 950 1850 quotquot
959 1781 1026 1831 stant
1037 1787 1137 1831 coram

15 1885 16 1916 1
127 1861 202 1917 Deo.
219 1858 320 1935 Aliqui
334 1858 467 1917 doctores
484 1857 608 1929 dicunt,
624 1857 791 1934 quodcirca
804 1866 918 1936 peecata
932 1858 1047 1918 interna
1058 1853 1138 1915 habi·

126 1950 301 2011 iustorum,
323 1949 358 2001 ut
377 1947 447 1999 sunt
468 1948 582 2017 peccata
602 1941 684 2012 odii,
706 1942 935 2003 delectationum
958 1958 1135 2020 pravarum,

15 2035 16 2096 Ῑ
126 2032 159 2084 ιι
178 2024 395 2085 desideriorum
407 2068 416 2091 ‚
427 2023 723 2103 sufficit‘plerquuc
743 2027 924 2106 interrogare
936 2026 973 2086 de
986 2037 1135 2103 tempore,

15 2101 18 2138 l
127 2126 183 2187 per
201 2106 283 2185 quod
303 2107 423 2167 duravit
443 2109 538 2167 malus
556 2107 692 2184 habitus,
705 2109 755 2169 sed
773 2109 829 2169 hoe
845 2110 918 2171 mihi
938 2109 1059 2170 omnino
1075 2126 1137 2169 non

124 2191 283 2260 satisfacit,
297 2192 367 2268 quio
382 2200 552 2268 potestesse
568 2191 648 2270 quod
664 2194 770 2269 aliquis
788 2195 881 2270 magis
900 2197 938 2254 sit
952 2196 1084 2255 intentus
1095 2192 1134 2252 ad

125 2284 247 2335 externe
267 2274 403 2351 negotia,
424 2282 476 2333 aut
494 2286 628 2334 moretur
651 2275 703 2335 ulti
725 2276 781 2335 sihi
805 2287 961 2338 occurrent
983 2276 1136 2356 pauciores

126 2360 293 2420 occasiones
302 2356 512 2435 cogitationum
524 2376 704 2435 pravarum
717 2359 791 2419 alius
801 2360 858 2420 erit
869 2363 959 2440 magis
973 2362 1029 2420 alii
1043 2359 1135 2419 animi

126 2441 262 2520 passione
281 2440 420 2502 allectus:
436 2439 561 2517 ideoque
573 2460 648 2520 opus
666 2452 712 2502 ost
731 2443 974 2522 interrogationes
986 2443 1137 2523 generales

16 2545 17 2548 ¹
126 2523 287 2596 adhibere,
303 2524 341 2585 de
359 2525 478 2602 propria
497 2526 712 2603 applicatione,
724 2525 762 2587 de
779 2527 860 2598 loeo,
877 2528 914 2586 de
935 2527 1028 2587 animi
1050 2527 1136 2586 incli-

126 2610 267 2680 natione,
286 2617 343 2668 ctc.
357 2615 391 2667 ut
413 2609 522 2667 formet
536 2607 685 2692 judicium
703 2608 842 2685 majoris,
862 2612 910 2669 vel
929 2608 1054 2669 minoris
1076 2607 1138 2667 tre

128 2693 259 2768 quentiae
279 2702 398 2752 aunum
417 2692 615 2751 internorum.
642 2690 788 2752 Caterim
815 2702 881 2767 post
907 2692 980 2750 duas
1004 2692 1052 2750 vel
1076 2700 1136 2752 tres

100 2807 113 2834 ,ι
127 2774 394 2852 interrogationes,
408 2792 468 2836 oon
479 2775 567 2835 debet
578 2775 646 2851 angi
665 2773 872 2845 confessarius,
889 2774 913 2832 si
931 2774 1135 2850 diudicium,

127 2858 207 2935 quod
225 2858 316 2929 iacit,
331 2857 448 2920 videtur
466 2877 528 2921 esse
544 2861 634 2920 nimis
650 2858 827 2934 confusum3
845 2876 912 2918 nam
935 2877 972 2918 ex
985 2862 1135 2920 conscien-

95 2971 103 2994 ι
127 2942 177 3002 tiis
191 2941 352 3019 implicatis
364 2952 395 3002 et
405 2942 532 3004 confusis
547 2942 701 3004 moraliter
716 2943 897 3019 impossibile
911 2952 975 3016 est,
992 2944 1135 3021 maiorem

45 3041 50 3050 ¹
96 3043 99 3052 ’
126 3025 293 3088 claritatem
310 3044 439 3104 sperare.
463 3028 500 3087 V.
523 3028 646 3105 Oportet
665 3027 924 3101 animadvertere,
944 3027 1046 3107 quod,
1066 3027 1136 3087 licet

97 3126 101 3188 ζ
126 3109 324 3169 contessiones
340 3110 491 3188 generales
499 3110 559 3169 sint
570 3112 750 3182 utilissimae,
766 3111 961 3172 nihilominus
974 3130 1034 3173 non
1047 3111 1136 3173 debet

97 3197 100 3205 '
128 3191 322 3251 confessarius
342 3210 405 3252 esse
421 3192 508 3253 valde
520 3196 669 3271 rigorosus
685 3196 722 3253 ad
743 3196 949 3266 efficiendum,
966 3204 1000 3254 ut
1022 3195 1135 3255 confes·

100 3333 107 3345 ,
128 3275 224 3335 aiones
240 3274 306 3351 jam
323 3276 590 3354 lacterepetontur
605 3277 681 3356 (tit.
695 3282 724 3337 o.
738 3297 771 3338 a.
787 3281 878 3357 adii.
895 3279 1136 3340 aureatense-

128 3360 213 3436 puert'
228 3377 291 3420 non
316 3378 379 3420 osse
401 3361 610 3439 obligationem
629 3364 782 3440 repetendi
796 3365 1005 3438 consessiones,
1020 3363 1082 3423 nisi
1101 3365 1135 3425 itt

129 3460 199 3503 ceso
210 3440 381 3522 orooifcatae
394 3445 586 3518 raecessitotis,
596 3455 625 3508 et
639 3449 673 3507 io
685 3466 743 3528 quo
754 3447 886 3508 errorsit
895 3447 1020 3509 eeideas.
1029 3451 1136 3526 'Neque

130 3526 262 3604 relapsus
280 3536 351 3589 sont
368 3538 447 3589 certa
463 3528 571 3590 indicia
591 3532 688 3591 nullas
700 3532 790 3590 fuisse
809 3532 1003 3592 consessiones
1024 3533 1134 3604 laetas,

124 3608 278 3691 precipuo
296 3611 322 3672 si
339 3628 393 3690 por
408 3612 530 3693 aliquod
545 3622 661 3693 tenpus
679 3630 740 3676 oon
757 3614 914 3689 ceciderit,
930 3626 982 3686 aut
997 3615 1039 3688 si,
1051 3627 1135 3679 ante·
