2642 4167
371 232 875 315 Deinterropotiooibussoeienclis.
1096 240 1133 299 43

125 339 163 404 ad
173 337 329 399 veritatem
351 336 574 411 inveniendam,
589 355 649 398 non
669 346 787 399 tenetur
803 339 839 398 ad
852 338 963 418 aliquid
976 339 1133 400 restituen-

126 425 219 491 dum,
241 421 298 483 nisi
319 430 421 482 cortus
437 420 489 482 fiat
512 421 549 481 de
571 421 640 498 jure
660 422 738 500 quocl
760 423 896 500 proximo
921 424 1080 501 competit,
1099 432 1133 483 ιιι

125 507 263 588 pluribus
287 504 360 566 loeis
376 505 511 582 probavi.
532 504 618 580 Quod
640 506 665 565 si
683 506 878 566 restitutionis
900 506 1039 585 obligatio
1058 515 1133 567 esset

126 600 228 662 certa,
249 589 301 649 sed
318 590 464 666 poenitens
485 598 619 650 maneret
643 590 676 649 in
700 588 776 648 bona
797 589 873 659 lide,
891 591 917 649 si
941 591 1132 651 confessarius

125 672 207 736 certe
226 673 403 751 praevideret
417 676 634 753 correptionem
653 691 714 733 non
734 674 935 751 prolaturam,
951 672 1021 734 tuine
1046 674 1134 735 debet

70 826 76 833 .
124 776 193 818 eam
211 758 366 827 omittere,
384 775 422 817 ne
439 774 492 834 pec
508 760 606 836 ipsum
623 756 693 828 fiat,
709 767 742 816 ut
763 757 843 834 quod
855 768 898 818 est
912 767 1060 836 peecatum
1071 777 1133 818 naa·

125 840 249 911 teriale,
264 840 367 900 evadet
380 839 503 900 formale
521 859 590 901 cum
605 842 737 919 pernicie
756 841 836 900 illius
847 842 971 914 anime,
984 851 1017 902 ut
1030 841 1134 901 dieunt

125 927 192 984 DD.
207 922 284 1002 (tit.
298 926 328 984 6.
340 943 371 984 n.
384 926 452 985 ott.
466 943 495 985 e.
510 921 609 1006 Infer.
625 923 683 1002 11.)
690 947 701 999 ,·
715 924 783 984 vide
800 924 875 985 dicta
888 943 955 1005 supa.
974 943 1041 1006 cop.
1055 926 1084 986 1.
1098 945 1131 986 ιι.

124 1010 156 1072 8.
184 1016 213 1068 et
237 1010 267 1067 9.
291 1009 429 1086 Denique
450 1008 546 1087 quoad
569 1009 778 1084 obligationem
803 1011 998 1071 restitutionis
1018 1011 1133 1071 ratione

123 1091 295 1162 contractius
306 1134 315 1162 ,
328 1101 446 1171 oportet
459 1094 531 1153 alios
543 1091 712 1172 consulere,
727 1095 812 1154 libris
827 1095 945 1156 studere
958 1140 967 1165 ,
981 1104 1011 1154 et
1034 1104 1131 1174 postea

123 1175 274 1237 decidere.
285 1175 444 1252 Reliquum
458 1186 520 1247 est,
534 1185 568 1236 ιιι
584 1174 632 1236 hie
650 1178 838 1248 advertatur,
854 1178 932 1258 qubd
944 1180 968 1238 si
983 1180 1132 1258 reperian-

123 1270 177 1322 tur
193 1260 285 1337 aliqui
300 1271 464 1322 contractus
474 1279 527 1320 usu
543 1261 729 1340 perlongum
743 1267 980 1343 tempusrecepti
994 1264 1133 1343 inaliqua

123 1344 264 1421 regione,
278 1344 329 1404 ubi
343 1343 491 1423 praecipue
504 1345 654 1405 missiones
667 1345 749 1405 saetae
764 1356 852 1419 sunt,
867 1349 1059 1409 confessarius
1071 1366 1131 1409 non

123 1429 218 1490 <tebet
238 1446 288 1489 eos
303 1428 515 1499 condemnare,
531 1428 586 1488 nisi
607 1426 691 1507 privis
704 1430 843 1491 omnibus
855 1431 993 1510 inspeetis
1007 1435 1133 1494 eircum-

123 1512 539 1590 stanttts:stqaidamprt1no
558 1522 676 1591 aspectu
699 1516 786 1576 multi
807 1526 972 1577 contractus
991 1523 1133 1595 apparent

124 1599 272 1667 asinarii,
287 1608 340 1657 ιιιιι
356 1598 456 1673 injusti
469 1642 477 1669 ,
490 1597 541 1658 sed
562 1609 661 1677 postea
676 1601 779 1660 melius
797 1601 886 1660 rebus
898 1603 1049 1679 perpensis
1061 1600 1131 1659 tales

125 1701 188 1744 non
211 1692 282 1742 sunt
311 1681 449 1743 habendi.
474 1686 555 1743 Circa
581 1695 681 1745 autem
709 1685 856 1745 bonorum
881 1685 1131 1763 praescriptionem
1171 1741 1177 1752 ,

125 1766 250 1827 observa
266 1766 377 1826 librum
391 1765 467 1843 (Lib.
482 1770 513 1827 b.
527 1786 560 1827 ιι.
573 1768 664 1846 ὕοι).

164 1936 217 1996 to.
237 1873 347 2001 Cinci
359 1899 439 2016 vili.
453 1944 648 2017 paeceptum,
667 1929 697 1998 ι.
718 1939 918 2018 interrogetur
930 1938 1093 2019 paenitens,
1107 1942 1132 2001 si

124 2020 260 2097 aliquem
270 2020 489 2082 infamaverit?
509 2030 540 2080 et
559 2022 583 2082 si
605 2022 636 2081 id
656 2022 803 2094 effecerit,
822 2024 928 2083 falsum
951 2022 1091 2085 delictum
1105 2025 1133 2085 ei

124 2104 329 2182 imponendo,
352 2112 404 2165 aut
426 2123 531 2165 verum
555 2107 777 2184 patefaciendo?
795 2115 827 2167 et
848 2105 915 2166 calm
936 2107 1077 2168 delictum
1090 2116 1135 2170 est

123 2206 250 2265 verum,
264 2189 288 2248 si
302 2188 377 2248 illud
398 2197 461 2249 eret
476 2191 641 2261 occultum,
653 2201 705 2251 aut
723 2190 873 2269 publicum
887 2192 920 2251 in
938 2191 1037 2270 aliquo
1049 2191 1133 2264 loco,

123 2272 224 2343 sami,
243 2281 295 2332 aut
313 2271 421 2350 judicis
440 2275 692 2334 sententiaititem
711 2275 891 2354 interroget,
906 2275 939 2333 si>
951 2274 1135 2336 infamaverit

124 2373 228 2417 ceram
250 2373 330 2428 uno,
349 2374 387 2417 an
406 2357 562 2436 pluribus;
584 2365 615 2418 et
638 2377 737 2419 eoram
759 2364 854 2436 quot?
869 2359 939 2417 item
955 2359 979 2418 si
1000 2357 1133 2436 divulga·

123 2441 207 2500 verit
224 2441 353 2512 saetam,
375 2448 409 2500 ιιι
428 2439 444 2500 b
463 2460 495 2501 se
512 2442 682 2520 cognitum,
696 2461 733 2503 an
750 2442 786 2501 ab
802 2442 866 2504 aliis
885 2442 1133 2503 auditumtctrca

123 2532 228 2586 autem
242 2524 328 2585 famae
346 2525 582 2598 restitutionem,
597 2526 621 2586 si
635 2526 775 2586 delictum
790 2526 869 2604 qnod
883 2534 927 2586 est
940 2527 1133 2602 patefactum,

124 2616 193 2667 erat
214 2608 341 2678 salsum,
363 2610 415 2685 qui
438 2609 588 2671 infamiam
604 2610 722 2677 intulit,
741 2620 858 2668 tenetur
873 2628 904 2669 se
919 2618 1088 2682 retractare.
1102 2607 1133 2666 si

122 2689 201 2752 norb
223 2691 367 2756 delictum
386 2700 431 2752 est
452 2710 577 2765 verum,
604 2693 693 2751 debet
714 2691 841 2750 iniamiae
861 2690 949 2750 illatae
969 2691 1135 2770 prospicere

124 2775 246 2837 meliori
267 2774 375 2854 modo,
389 2793 447 2853 quo
466 2783 577 2853 potest,
589 2776 652 2833 sine
671 2770 1135 2853 mendaciozdieatex.gr.1tllat·

122 2858 246 2919 einotus
262 2877 348 2930 ιιιιιι,
364 2876 410 2919 ane
425 2856 548 2938 fefellit,
568 2858 676 2918 erravi.
688 2858 749 2924 ,attii
767 2858 856 2917 etiam
876 2858 1037 2920 admittunt
1053 2874 1135 2937 posse

122 2941 205 3012 dici,
225 2942 366 3005 nreetitos
380 2960 467 3019 ιιιιιι,
484 2942 709 3018 aequivocando,
726 2940 797 3002 duim
815 2961 902 3003 omne
922 2954 1072 3023 peccatum
1091 2950 1135 3002 est

124 3025 338 3098 mendacium,
364 3037 397 3088 ut
418 3027 528 3088 dicitur
545 3027 575 3088 in
588 3025 758 3105 Scripturis.
775 3029 834 3105 ligo
853 3029 932 3090 soleo
953 3028 1022 3087 dare
1039 3026 1135 3085 eonsi-

123 3110 225 3179 lium,
247 3116 281 3168 ut
300 3110 424 3170 dieunt:
440 3109 456 3169 e
470 3110 566 3188 eapite
584 3129 646 3170 ιιιιο
665 3111 717 3171 boe
732 3113 813 3182 erui,
830 3111 918 3189 vulgi)
937 3113 994 3189 (tire
1006 3107 1062 3171 rto
1076 3126 1135 3169 eac·

123 3191 207 3253 ciete
216 3189 251 3253 cta·
260 3193 344 3272 capu)
355 3237 364 3266 ,
376 3194 463 3254 etiam
477 3194 685 3271 aequivocando
696 3238 705 3267 ,
716 3196 784 3273 quin
797 3198 895 3256 omnia
908 3197 995 3256 verba
1008 3194 1025 3256 b
1037 3201 1136 3253 utente

125 3277 198 3356 (pro
216 3295 273 3356 qua
288 3279 431 3356 accipitur
451 3278 548 3357 eaput]
564 3280 738 3359 procedunt.
749 3281 833 3353 Quod
853 3284 877 3340 si
897 3299 1037 3358 umquam
1051 3281 1135 3340 samse

125 3361 278 3434 restitutio
290 3364 485 3441 probabiliter
495 3363 679 3442 judicaretur
696 3364 789 3439 majus
802 3365 942 3425 damnum
958 3363 1047 3443 quim
1058 3364 1136 3425 utili·

125 3456 220 3508 tatcm
240 3447 381 3520 infamato
400 3449 541 3523 allatura,
555 3449 622 3529 quin
643 3449 836 3526 praesumitur
857 3467 903 3508 res
921 3450 957 3507 ab
980 3448 1135 3510 bominum

125 3530 273 3590 memoria
284 3530 480 3613 effluxisselut
491 3531 846 3614 praesumitureivmsamae
857 3532 1030 3593 obtrectatio
1040 3534 1134 3592 multo

128 3610 238 3674 abhinc
258 3622 392 3695 tempore
406 3616 576 3692 accidisset,
588 3626 618 3678 ct
630 3615 700 3678 inde
713 3615 751 3675 de
765 3612 819 3675 bae
832 3615 912 3676 nulla
925 3614 1050 3694 amplilrs
1062 3617 1134 3675 sacta
