2642 4167
201 255 240 316 ot
481 255 594 318 Praete
606 253 787 337 confessarii.
805 257 877 338 Cap.
895 258 924 318 t.

203 359 348 422 recidivus
368 365 488 442 propter
508 363 568 422 vim
590 364 659 423 mali
676 362 794 423 habilius
811 361 922 423 absolvi
939 361 1027 423 debet
1042 379 1157 443 semper
1173 383 1206 428 at

202 444 318 505 lirnium
336 447 463 505 ostendit
481 446 664 507 voluntatem
682 446 840 508 adhibendi
859 448 955 506 media
976 448 1011 506 ad
1027 450 1206 511 emendatio·

201 529 288 600 nem,
304 532 346 590 sie
356 530 508 591 subdendo
521 554 529 590 ε
543 535 570 591 E
581 531 800 612 piudicbiomo,
816 530 865 592 ebe
878 529 898 589 'l
908 530 976 611 [arc
987 529 1151 596 altrimenti
1160 537 1205 594 sio

203 621 246 674 tro
268 631 306 694 po
328 613 445 694 ripora,
472 612 577 675 ecbe’l
600 614 762 696 corcfessore
785 613 909 695 foccstdo
934 615 960 676 ε’
977 612 1207 678 ollontonerebbc

201 632 280 758 dallo
295 697 406 779 Spiritu
419 695 496 759 della
509 699 624 774 chiesa,
639 717 654 759 e
669 696 717 759 dcl
729 701 873 779 Sipuore,
901 717 916 757 e
935 695 1013 757 della
1034 708 1146 760 reaturo
1161 699 1207 763 del

200 782 411 852 Sacramenta,
431 780 456 843 il
473 781 560 864 qualo
572 802 633 845 nott
650 777 809 844 solamente
821 786 836 843 e
846 781 996 863 pludlolo,
1019 784 1097 843 mol
1112 785 1206 845 mede»

200 863 269 926 eiua
287 866 418 928 solutore
433 868 483 948 (i).

238 953 287 1011 rt.
306 954 393 1012 Plura
407 964 504 1013 utitem
524 963 593 1014 sunt
613 954 676 1015 boec
694 955 793 1031 sigua,
811 962 901 1034 prout
919 953 1027 1016 docent
1043 956 1108 1015 DD.
1127 954 1202 1035 (tit.

200 1037 229 1096 o.
243 1056 277 1096 a.
293 1038 375 1115 tou.)
399 1042 422 1099 Ι.
441 1039 533 1118 Major
547 1040 632 1101 dolor
648 1042 850 1101 manifestatus
875 1058 927 1118 per
946 1039 1089 1119 lacrymas
1105 1039 1203 1119 (moda

199 1120 259 1180 sint
279 1139 357 1181 vcrae
379 1124 645 1202 compunctionis),
668 1133 719 1184 aut
743 1142 796 1201 por
820 1124 909 1182 verba
934 1141 970 1183 ex
997 1125 1085 1183 corde
1103 1142 1204 1204 proce·
1296 1157 1297 1172 2

198 1204 314 1275 dentia,
329 1227 394 1285 qua
406 1208 563 1285 aliquando
583 1209 708 1269 certiora
726 1210 808 1284 signa
822 1206 910 1286 quim
921 1208 1129 1287 lacrymoeessc
1144 1227 1205 1287 pos

199 1298 279 1348 sunt.
294 1292 331 1350 tl.
345 1293 442 1351 Minor
454 1310 595 1352 numerus
615 1302 800 1370 pcccatorum
814 1291 957 1370 (intellige
976 1289 1044 1352 cum
1060 1293 1203 1370 poenitens

199 1373 289 1433 luerit
309 1375 338 1433 in
352 1377 462 1435 eisdem
484 1376 683 1437 occasionibus
696 1386 725 1436 et
742 1375 953 1436 tentationibus
966 1376 1133 1454 peccandi);
1155 1385 1204 1436 aut

199 1458 224 1517 si
237 1461 380 1537 poenitens
393 1473 459 1540 post
475 1462 611 1522 ultimam
629 1461 839 1521 contessionem
856 1461 1053 1537 perseveravit
1065 1462 1096 1520 in
1110 1463 1203 1541 gratia

199 1559 253 1620 per
268 1545 396 1604 notabile
410 1555 549 1624 tempus,
569 1545 638 1625 puta
650 1565 703 1624 per
719 1547 757 1606 ‘20
769 1556 819 1605 aut
830 1547 868 1605 25
882 1545 943 1604 dies
957 1587 965 1614 ,
982 1546 1044 1622 ipse
1056 1547 1107 1623 qui
1122 1545 1203 1623 priris

198 1626 308 1703 pluries
326 1630 356 1687 in
378 1629 560 1690 bebdomada
578 1630 691 1709 prolabi
712 1629 823 1690 solebat
837 1650 846 1706 3
859 1638 911 1689 aut
932 1627 1003 1689 verb
1023 1630 1203 1708 si'relapsus

197 1707 287 1770 suerit
299 1719 364 1789 post
378 1734 512 1793 magnam
525 1717 742 1789 resistentium
760 1723 811 1773 aut
832 1714 920 1773 etiam
939 1714 963 1772 si
988 1722 1146 1790 autequam
1166 1713 1201 1773 ad

197 1797 405 1858 consessionem
419 1802 583 1868 accederet,
600 1797 653 1859 dib
674 1818 705 1859 se
728 1799 904 1857 abstinuerit
920 1797 937 1857 b
954 1797 1047 1875 culpis
1067 1799 1200 1859 mortali·

197 1876 262 1937 bus.
277 1881 329 1940 tlt.
345 1884 501 1962 Diligentia
516 1882 645 1943 adbibita
664 1902 717 1961 pro
731 1883 934 1942 ernendatione
947 1925 956 1954 ,
970 1890 1004 1941 ut
1018 1892 1093 1942 esset
1105 1884 1130 1943 si
1147 1902 1204 1961 poe·

199 1963 295 2024 nitens
311 1966 469 2045 diligenter
498 1969 677 2028 occasionem
701 1968 860 2044 vitaverit,
881 1967 975 2027 media
998 1967 1202 2046 praescriptas

198 2051 283 2110 conse
298 2053 373 2111 sario
388 2054 552 2114 executioni
565 2053 748 2113 mandaverit
760 2074 769 2128 3
782 2062 833 2112 out
850 2054 874 2112 si
891 2051 1176 2129 adbibueritjejunia
1191 2096 1201 2125 ,

197 2151 318 2212 preces,
342 2137 561 2214 eleemosynas,
579 2146 636 2197 etc.
663 2137 700 2195 ad
722 2138 828 2198 vitium
851 2136 1070 2214 extirpandum.
1095 2139 1148 2196 tv.
1171 2138 1200 2197 Si

197 2219 261 2295 ipse
283 2219 384 2298 petitb
401 2221 575 2282 confessario
588 2220 717 2280 remedia
731 2265 739 2292 ,
759 2231 810 2280 aut
823 2238 897 2279 nova
911 2221 1006 2279 media
1020 2220 1056 2278 ad
1069 2221 1203 2280 emenda·

196 2303 329 2380 tionem;
348 2306 420 2364 item
445 2306 471 2364 si
493 2306 641 2383 promittit
663 2305 787 2384 implere
807 2305 902 2363 media
920 2312 1071 2382 quaetunc
1091 2305 1119 2363 ci
1135 2323 1201 2382 sug·

195 2391 274 2465 gerit
292 2388 501 2464 confessarius3
525 2387 653 2449 maximi
671 2390 695 2448 si
720 2407 871 2467 nunquam
898 2389 1026 2446 monitus
1053 2388 1144 2448 luerit
1164 2388 1200 2447 ad

197 2472 246 2531 iila
267 2472 456 2549 adhibenda,
476 2473 526 2533 sed
546 2472 592 2533 bis
614 2473 856 2551 promissionibus
879 2490 981 2532 censeo
999 2490 1059 2532 non
1077 2472 1201 2534 omnind

195 2554 346 2617 fidendum
361 2602 369 2629 ,
387 2559 411 2617 si
424 2558 479 2616 alia
500 2558 580 2634 signa
593 2556 711 2632 desint,
729 2555 796 2617 ciam
810 2558 1007 2635 percutentes,
1031 2564 1065 2615 ut
1078 2556 1198 2615 absolu·

195 2642 307 2702 tionem
336 2651 482 2721 carpunt,
508 2640 591 2703 facite
621 2643 815 2720 promittant,
836 2640 887 2701 scd
912 2649 1011 2719 postea
1037 2640 1198 2701 difficulter

195 2726 356 2787 attendant.
371 2728 409 2787 V.
424 2729 586 2803 Spontaueo
600 2728 759 2797 consessio,
776 2743 882 2802 nempe
892 2725 916 2784 si
931 2725 1075 2802 poenitens
1086 2727 1199 2788 accedit

195 2827 254 2868 non
263 2808 326 2887 jam
340 2810 377 2870 ad
391 2811 574 2889 implendum
589 2820 767 2888 praeeeptum
784 2809 917 2887 paschale
931 2853 938 2874 ,
954 2826 1049 2885 neque
1069 2826 1105 2867 ex
1125 2828 1200 2888 quo·

193 2894 262 2954 dum
278 2914 331 2952 usu
347 2912 401 2970 pro
418 2909 448 2951 se
468 2893 655 2965 confitendo,
676 2897 706 2953 in
725 2893 871 2970 aliquibus
894 2892 1093 2969 temporibus,
1109 2900 1199 2971 prout

194 2978 241 3037 dic
254 2977 420 3039 Natiuitatis
437 2977 579 3046 Domini,
601 2977 633 3035 in
648 2978 854 3037 festivitatibus
874 2979 1023 3055 Deiparoe,
1038 2983 1067 3035 et
1089 2977 1198 3036 simili·

193 3063 269 3134 bus,
291 3060 508 3137 nequcaecedit
525 3058 669 3138 impulsus
690 3060 707 3121 ὲ
730 3061 926 3138 parentibus,
947 3059 963 3119 d
984 3060 1124 3132 domino,
1147 3066 1199 3119 uttt

193 3146 353 3224 magistra
379 3144 430 3204 sed
451 3144 533 3204 venit
550 3145 672 3204 omnind
701 3144 826 3224 sponte,
852 3154 882 3204 et
905 3142 974 3204 verb
999 3144 1159 3221 inspiratus
1181 3143 1198 3204 d
1224 3139 1227 3143 “
1292 3141 1293 3154 *

193 3228 294 3290 divino
309 3230 443 3304 lumine,
463 3228 500 3288 ad
522 3228 618 3288 solum
644 3230 756 3308 finem,
778 3238 812 3290 ut
829 3228 960 3290 divinam
976 3229 1101 3307 gratiam
1123 3229 1199 3289 reci·

221 3396 252 3457 (t)
263 3396 291 3442 1o
300 3401 334 3443 ert
344 3414 352 3442 .·
362 3397 412 3443 Alia
426 3393 494 3443 modo
505 3411 576 3456 agera
587 3398 680 3443 nimiam
696 3396 846 3444 severitatem
860 3411 912 3444 esse
926 3404 950 3444 et
963 3395 1131 3443 confessoriam
1152 3398 1197 3443 ha·

187 3460 290 3518 jusmodi
301 3462 421 3508 declinare
433 3462 567 3521 judicamus
578 3464 591 3507 t
603 3474 681 3510 mente
694 3462 801 3509 Ecclesia
815 3473 840 3509 et
850 3463 937 3510 Christi
953 3464 1055 3515 Domini,
1076 3478 1169 3509 necnon

193 3535 284 3597 rpttane
298 3530 453 3581 sacramenti,
472 3527 536 3587 qaod
550 3541 596 3574 nou
617 3529 691 3574 sotum
703 3527 831 3586 judicium,
847 3537 885 3574 est
907 3529 978 3574 etiam
994 3528 1103 3574 educaris
1123 3528 1197 3574 medi·

193 3600 246 3634 etue
259 3597 305 3638 eat.

943 3657 1005 3703 tort.
