2642 4167
120 200 178 260 tte
310 195 445 278 Epitoana
458 194 599 260 domine
615 195 936 283 aniciiseteanonise
1049 273 1053 280 ¹
1158 224 1165 235 ·

497 361 739 444 uenantum.
840 356 842 359 ’

156 548 538 613 Constitutionesadrersds
558 548 678 610 clericos
705 550 901 629 negotiatores
920 549 1125 625 innovantur,

119 644 149 698 et
169 635 371 697 extenduntur
391 634 428 695 ad
453 634 574 695 clericos
594 633 649 694 sub
676 634 744 694 laici
766 636 888 696 nomine
904 633 1126 713 quomodolibet

120 721 315 797 negotiantes.

158 804 365 864 Extendnntut·
384 804 455 863 item
480 800 517 860 nd
544 801 660 880 negotia
685 799 702 861 d
722 802 803 862 laicis
822 800 958 861 inchoata
971 846 980 871 ,
994 803 1065 863 dein
1088 802 1124 863 ad

82 912 95 935 ¹
119 889 240 951 clericos
263 888 421 957 devoluta,
445 889 507 948 sive
523 885 711 947 hereditario
739 887 834 964 jure,
855 888 917 948 sive
941 906 1126 966 quocumque

120 973 177 1033 atio
202 974 288 1033 titulo
298 1017 307 1047 ,
327 973 388 1032 sive
398 972 607 1048 singulariter,
625 972 688 1031 sive
700 973 898 1032 communiter
910 1016 919 1040 ,
933 973 994 1031 sive
1011 990 1126 1050 separa-

120 1057 193 1119 tim.
207 1058 268 1116 aive
281 1054 465 1129 conjunctim
480 1073 548 1114 eum
559 1055 625 1115 aliis
638 1054 741 1128 bonis,
752 1053 953 1116 coheredibus
964 1100 972 1129 ,
985 1057 1032 1116 vel
1042 1057 1127 1117 sociis

121 1139 204 1199 luteis
215 1138 421 1199 existentibus.
834 1192 838 1197 .

157 1221 372 1300 Comprehendi
390 1222 482 1283 etiam
499 1233 658 1285 censentur
677 1222 719 1283 illi
734 1223 832 1283 elerici
847 1267 857 1295 ‚
874 1222 925 1301 qui
946 1241 1000 1301 per
1018 1224 1128 1302 seipsos

121 1324 233 1383 suoque
250 1308 372 1367 nominc
385 1308 525 1384 proprio,
542 1308 588 1367 vel
612 1326 665 1385 per
688 1308 783 1378 aiios,
804 1316 855 1366 aut
883 1306 980 1366 alieno
1007 1307 1127 1369 nomine

120 1392 208 1453 etiam
227 1408 357 1469 persuos
373 1388 539 1451 coheredes
553 1410 605 1454 ,ne
623 1392 715 1451 socios
729 1393 880 1468 negotium
891 1401 1038 1450 exercent.
1127 1446 1130 1453 .

160 1476 219 1535 iios
236 1473 466 1549 omnessutjteta
479 1475 612 1534 Pontifex
624 1474 721 1553 quoad
734 1473 809 1532 bona
823 1473 864 1533 sie
874 1474 911 1534 ab
928 1476 970 1534 eis
986 1475 1127 1552 aequisita

121 1559 215 1638 pesnis
230 1558 260 1619 in
278 1557 488 1618 constitutione
501 1559 554 1618 Pii
565 1562 583 1619 1
588 1560 624 1618 V.
638 1578 705 1636 qrraa
726 1560 829 1639 incipit
842 1561 953 1618 Dceens
968 1576 1046 1626 esse,
1061 1578 1129 1639 qnae

121 1652 166 1705 est
180 1643 217 1704 ts
241 1645 319 1705 inter
341 1642 436 1702 butins
459 1641 591 1719 ejusdem
609 1641 768 1702 Pontiiiris.
793 1645 888 1702 Poene
910 1642 1072 1713 iltnsuut,
1094 1650 1127 1703 ut

123 1725 200 1788 bona
215 1727 259 1787 sic
272 1727 414 1805 aequisita
431 1727 486 1788 sub
503 1728 602 1806 spoliis
616 1726 722 1789 debitis
733 1728 861 1787 Camere
873 1727 1039 1806 apostolieae
1053 1745 1128 1789 eom·

123 1810 359 1891 prehendantur.

160 1896 190 1954 Si
201 1895 251 1972 qui
271 1895 343 1957 verd
362 1897 489 1976 exempti
507 1904 577 1958 sunt
597 1895 614 1957 d
638 1897 725 1974 prend
745 1897 908 1975 spoliorum
927 1914 964 1956 ex
986 1897 1128 1956 eonstitu-

123 1980 310 2041 tinnibusPii
321 1981 340 2039 1
346 1981 381 2040 V.
394 1983 545 2041 doracenus
553 1978 695 2061 Pontifex
703 2025 712 2055 ,
724 1989 754 2039 et
763 1975 856 2039 Pauli
868 1981 903 2038 V.
917 1981 953 2038 ln
961 1976 1125 2050 eminentis,

123 2065 188 2125 ilios
202 2065 312 2143 pariter
334 2083 394 2124 nnn
411 2075 562 2143 exemptos
576 2065 673 2143 quoad
690 2065 766 2125 hona
786 2083 821 2122 cx
833 2064 1039 2141 'negotiatione
1058 2080 1129 2141 pro·

120 2149 268 2211 renientin
287 2149 420 2209 deceruit
432 2193 441 2219 ,
453 2160 541 2224 atque
555 2150 684 2209 dectarat
700 2150 733 2209 iu
746 2150 863 2211 constit.
880 2144 1052 2228 Apostolicae
1060 2149 1124 2208 Scr-

121 2231 224 2308 ea‘tutt's
236 2275 244 2295 ,
258 2251 324 2309 ques
338 2233 425 2291 estin
442 2234 582 2321 titillario.

159 2318 323 2396 Negotiatio
346 2323 444 2377 tamen
460 2317 623 2395 improprie
644 2335 705 2378 non
721 2328 766 2378 est
779 2318 890 2378 clericis
909 2316 1061 2378 interdieta
1072 2360 1079 2388 ,
1091 2325 1125 2378 ut

122 2422 169 2463 cx.
189 2421 235 2481 gr.
250 2419 392 2461 nranuum
415 2420 536 2461 suarum
555 2403 657 2463 labare
676 2412 707 2462 et
725 2401 850 2463 honesto
871 2402 997 2462 artifieio
1016 2402 1126 2462 uictum

121 2485 177 2547 sibi
199 2503 385 2564 comparare,
405 2486 484 2563 quod
504 2494 534 2549 et
553 2478 702 2564 apostotus
723 2486 828 2546 Paulus
849 2505 902 2546 suo
921 2485 1058 2563 exemplo
1072 2484 1126 2545 do·

123 2571 202 2644 cuit,
225 2580 254 2629 et
267 2567 284 2630 it
301 2572 352 2630 SS.
365 2571 453 2630 ctiam
464 2569 613 2631 monachis
624 2571 787 2651 praestitum
797 2579 851 2630 est.
863 2571 906 2629 De
916 2568 1029 2648 Synod,
1039 2568 1124 2630 dioee.

123 2654 145 2712 t.
161 2655 208 2714 to.
220 2672 245 2712 e.
264 2655 293 2712 ti.
309 2671 340 2711 n.
353 2654 382 2712 2.

160 2737 284 2797 Licituna
299 2746 342 2795 est
355 2737 444 2798 etiam
463 2738 575 2798 clericis
593 2737 722 2799 vendere
740 2756 787 2798 rcs
803 2738 938 2797 catleetas
950 2754 986 2798 ex
999 2736 1127 2817 propriis

126 2821 261 2900 prediis,
275 2821 350 2880 sieut
371 2832 401 2881 et
418 2841 483 2893 eas,
508 2840 580 2900 quas
598 2827 775 2882 coemerunt
794 2822 830 2881 ad
849 2822 965 2882 familiae
982 2840 1043 2882 suae
1065 2818 1129 2881 sus·

123 2906 331 2973 tentationem,
354 2922 420 2982 qun
448 2907 472 2967 si
495 2907 716 2985 superfuerint,
741 2914 864 2983 possunt
882 2905 1011 2965 vendere
1028 2902 1124 2965 carius

123 2987 211 3066 quim
226 2989 353 3067 emerint
368 3031 376 3061 ,
389 2989 467 3049 intra
482 2990 591 3051 iimites
605 3000 703 3051 tamen
714 2988 788 3066 justi
811 2989 909 3065 pretii.
922 2988 1000 3077 ibid.

526 3156 720 3219 NUNDINAE.

161 3324 307 3386 Nundine
319 3325 337 3385 d
351 3325 486 3387 mercatis
505 3324 607 3387 seduid
631 3326 846 3403 distinguendae
865 3334 957 3403 sunt3
976 3345 1046 3388 nam
1069 3328 1128 3389 itte

123 3408 212 3468 mmet
230 3409 259 3467 in
273 3428 349 3469 anno
365 3410 461 3488 fiunt,
475 3413 522 3471 vel
542 3410 611 3489 rard
632 3412 663 3470 in
679 3410 782 3471 eodem
801 3412 883 3483 loeo,
904 3420 935 3472 ct
953 3411 990 3471 de
1008 3412 1128 3491 tougin-

124 3507 183 3564 quo
202 3488 238 3549 ed
256 3494 434 3553 conveniunt
448 3497 570 3572 poputi;
586 3504 730 3555 mercatus
748 3493 819 3555 verd
832 3503 894 3567 est,
908 3513 968 3575 quo
980 3513 1131 3572 exponun-

123 3576 173 3624 tur
188 3571 302 3631 venates
317 3593 363 3633 res
373 3574 408 3633 ad
420 3577 605 3653 quotidianos
617 3597 687 3639 usus
697 3579 883 3652 necessarie,
896 3589 927 3640 et
938 3579 1016 3640 fiunt
1026 3578 1130 3655 singu·
