2642 4167
214 269 253 330 66
503 262 615 327 Procas
625 263 808 345 ooaasessorii.
823 269 897 351 Cup.
909 271 938 332 b.

214 375 263 440 hic
286 374 450 438 notandum
469 373 547 435 eirca
566 374 678 433 malum
699 372 855 447 hobitum,
878 376 958 455 qudd
976 378 1089 446 saeiliais
1109 385 1216 447 absolvi

209 469 336 539 pessunt
345 458 467 521 recidivi
486 458 518 519 in
536 457 745 536 blasphemiis,
760 458 849 537 qaam
863 461 895 520 in
911 463 975 523 aliis
993 467 1117 544 peccatis
1136 469 1214 542 odii,

212 544 549 616 surti,autl1brdan1s,
570 542 677 622 quibus
700 542 817 604 habitus
841 544 946 608 sortitis
970 548 1115 622 inhaeret,
1135 555 1215 615 causa

212 627 332 706 majoris
353 629 615 708 concupiscentiae,
636 629 699 689 sive
718 628 936 703 inclinationis,
956 635 1073 710 quaein
1097 636 1154 698 illis
1172 640 1215 699 iu·

211 717 341 775 venitur.
804 761 806 768 ι
1176 714 1178 717 ’

249 802 298 861 76.
314 802 432 862 Dictum
445 808 510 874 est,
524 800 734 863 confessarium
747 803 831 881 posse
847 803 1060 866 absolutionem
1074 807 1215 886 impertiri

212 886 487 957 consuetudinario,
514 893 545 945 et
563 885 718 954 recidivo,
742 889 861 965 quando
886 889 937 949 illc
952 908 1005 968 per
1029 892 1144 968 siguum
1168 913 1215 953 cx·

211 971 447 1046 traordinarium.
473 971 630 1049 dispositus
658 982 780 1050 apparet
796 994 804 1031 ι
820 973 871 1034 scd
893 992 953 1036 non
968 974 1080 1035 dicitur
1101 977 1215 1055 teneri,

211 1057 280 1134 qnia
300 1065 396 1135 potest
417 1058 506 1118 etiam
528 1056 741 1118 absolutionem
763 1058 790 1117 ei
814 1059 958 1129 differre,
979 1060 1004 1120 si
1025 1057 1081 1120 boe
1107 1073 1216 1125 censeat

211 1141 365 1218 expedire,
382 1151 416 1201 ut
436 1141 634 1201 communiter
647 1142 712 1201 uu.
728 1142 834 1203 docent
851 1142 926 1223 (tit.
945 1146 974 1203 6.
994 1162 1027 1204 a.
1040 1145 1141 1225 too.);
1157 1157 1215 1209 etc·

212 1227 300 1297 nim,
324 1226 393 1287 liciat
411 1226 558 1305 pcenitens
577 1235 644 1304 pust
665 1228 877 1290 consessionem
895 1247 1018 1289 suorum
1036 1241 1216 1308 peccatorum

207 1309 258 1387 jus
270 1309 376 1372 babeat
388 1312 426 1371 ad
447 1311 683 1383 absolutionem,
706 1320 806 1374 tamen
828 1330 887 1374 non
908 1311 997 1373 habet
1007 1313 1057 1389 jus
1069 1324 1103 1376 ut
1123 1318 1215 1377 statim
1293 1385 1294 1388 Ἴ

211 1396 400 1471 absolvatur3
415 1413 484 1456 nam
502 1395 693 1455 confessarius
711 1406 860 1474 tamquam
874 1398 1004 1458 medicus
1018 1397 1094 1459 bend
1106 1409 1215 1478 potest,

211 1480 273 1541 inab
287 1481 465 1558 quandoque
491 1487 610 1540 tenetur
631 1481 845 1541 absolutionem
869 1482 1006 1553 differre,
1021 1482 1089 1543 eiam
1109 1483 1225 1560 judicat·
1257 1507 1261 1518 ·
1293 1477 1294 1512 ¹

210 1567 268 1625 tale
287 1566 453 1628 remedium
473 1564 635 1625 necessario
656 1566 795 1643 prodesse
813 1568 899 1626 saluti
919 1568 964 1626 sui
980 1569 1160 1644 poenitentis.
1172 1570 1215 1631 An

210 1662 309 1713 autem
327 1651 463 1729 expediat
483 1650 632 1710 ordinarie
660 1653 705 1709 uti
731 1650 789 1712 huc
819 1651 974 1726 remedio,
999 1660 1135 1713 autnon
1157 1655 1216 1713 sine

209 1756 352 1799 consensu
368 1736 564 1815 paenitentis?
577 1736 697 1794 Certum
706 1744 750 1794 est
763 1753 824 1794 nun
836 1735 994 1813 expedire,
1007 1735 1033 1795 si
1046 1735 1129 1796 videt
1141 1735 1215 1814 qubd

209 1822 312 1883 dilatio
325 1821 432 1882 afferre
451 1828 548 1898 potest
565 1820 657 1897 magis
678 1820 905 1896 detrimentum,
931 1818 1020 1897 quim
1038 1820 1215 1896 prolectam,

208 1917 240 1968 et
257 1907 336 1967 idem
359 1906 462 1966 dieunt
481 1906 544 1964 DD.
559 1903 678 1981 quando
701 1904 739 1965 ob
757 1904 930 1975 dilationem
951 1904 1097 1981 poeuitens
1121 1905 1215 1965 subire

209 1992 331 2053 deberet
341 1991 470 2068 aliquam
484 1989 612 2048 infamiae
621 1999 736 2057 notam,
749 1999 800 2051 aut
813 1990 978 2067 perieulum
994 1985 1028 2066 (i.
1041 2008 1067 2049 c.
1078 2008 1112 2051 u.
1125 1988 1213 2067 ton).

210 2080 298 2138 Extra
326 2085 426 2135 autem
454 2071 507 2133 hos
536 2091 639 2143 casus,
664 2074 785 2150 quidam
812 2075 918 2134 rulant
943 2073 1048 2132 niellus
1073 2091 1162 2142 esse,
1184 2080 1214 2133 ut

209 2159 379 2237 harjusmodi
396 2157 532 2219 recidivis
545 2156 699 2217 differatur
716 2158 872 2220 absolutio.
894 2158 951 2218 Alii
972 2166 1070 2218 tamen
1085 2175 1216 2219 cummu-

209 2245 278 2308 niais
299 2252 417 2305 censeat
437 2243 468 2302 id
481 2239 549 2302 rard
564 2242 723 2319 expedire,
740 2249 770 2301 et
794 2241 850 2302 lauc
869 2243 958 2301 etiam
980 2244 1070 2303 sentit
1097 2241 1214 2302 celebris

209 2339 381 2393 nostrorum
394 2326 768 2405 temporumllissiunarius
776 2372 785 2402 ,
794 2329 830 2385 ll.
846 2329 878 2386 P.
887 2325 1059 2388 Leniturdaes
1071 2324 1108 2385 de
1123 2329 1214 2386 Portu

208 2413 408 2476 Mauritania
435 2429 488 2471 suu
506 2411 593 2470 doctu
616 2412 759 2469 Sermone
781 2412 881 2471 Rornae
902 2411 1002 2480 editu,
1026 2410 1072 2469 cui
1093 2410 1213 2480 titulus,

208 2497 345 2564 Discursu
367 2495 481 2556 mistica
491 2539 501 2569 ,
526 2503 555 2554 et
572 2491 695 2553 oaurule.
709 2492 814 2554 Melius
827 2493 1020 2555 nihilominds
1037 2491 1212 2564 dicendum,

208 2582 288 2662 qudd
310 2582 341 2643 in
361 2580 417 2643 huo
439 2585 548 2659 puncta
568 2581 672 2657 nequit
691 2590 769 2638 certa
788 2581 876 2640 statui
900 2580 1019 2658 regula,
1033 2578 1085 2637 scd
1106 2579 1215 2638 conses-

208 2670 301 2732 sarius
310 2666 394 2744 juxta
414 2674 600 2725 occurrentes
624 2666 857 2725 circumstantias
872 2683 976 2743 gerere
991 2683 1021 2723 se
1035 2663 1135 2725 debet.
1153 2665 1212 2722 Deo

207 2773 239 2816 sc
254 2749 462 2821 commendet,
476 2760 506 2809 et
523 2747 685 2809 secundiani
708 2748 788 2825 quod
808 2768 839 2809 se
857 2752 947 2809 sentit
962 2751 1156 2830 inspiratum,
1175 2747 1213 2806 sic

207 2837 303 2902 faeiat.
316 2839 376 2913 Ego
397 2837 437 2895 ita
460 2852 563 2894 censeo
576 2855 584 2891 ε
598 2834 627 2892 Si
640 2835 786 2911 paenitens
805 2834 935 2911 relapsus
948 2843 993 2894 est
1010 2853 1046 2892 ex
1059 2836 1213 2913 fragilitate

207 2922 389 2992 intrinseca,
414 2928 503 2995 prout
523 2918 628 2977 accidit
649 2919 681 2976 in
713 2920 835 2994 peccatis
866 2920 938 2987 irae,
968 2918 1049 2987 adii,
1079 2914 1213 2995 blasphe-

208 3007 363 3078 mianum,
386 3003 579 3064 mollitionem
601 3009 653 3060 aut
677 3002 904 3062 delectationum
924 3020 1130 3073 morosarum,
1149 2999 1212 3058 dico

206 3109 275 3160 cum
289 3090 432 3154 sententia
452 3086 691 3147 communissima
709 3089 868 3147 Doctorum
880 3085 970 3164 [ibid.
987 3106 1017 3147 o.
1041 3088 1079 3146 Ut
1092 3081 1212 3158 uatem.)

207 3174 287 3254 qadd
303 3174 372 3240 rard
385 3173 502 3251 expedit
521 3171 641 3231 differre
654 3172 869 3232 absolutionem
895 3171 1027 3232 recidivo
1044 3214 1052 3241 ,
1076 3168 1147 3229 eiam
1164 3167 1212 3226 ille

207 3270 249 3321 est
267 3260 444 3337 dispositus:
461 3275 529 3317 nem
549 3257 659 3334 sperari
674 3257 762 3315 debet
774 3257 866 3334 magis
882 3256 1006 3334 gratiam
1019 3251 1209 3323 sacramenti,

208 3342 297 3421 quam
316 3344 488 3406 dilationem
500 3341 691 3402 absolutionis
706 3342 749 3401 illi
760 3342 897 3420 prodesse
908 3357 1001 3418 posse.

208 3466 288 3514 obrem
300 3467 318 3513 ei
331 3482 409 3514 rerum
421 3468 533 3527 adjuncta
551 3467 649 3514 dubium
664 3467 768 3526 prudeus
784 3482 830 3512 non
847 3467 974 3525 inponant,
996 3466 1151 3526 penitentem
1167 3475 1209 3508 non

208 3531 263 3576 antis
281 3545 332 3577 esse
341 3531 479 3590 dispositum
489 3566 495 3586 ,
505 3546 583 3593 neque
597 3532 754 3579 scammata·
768 3547 845 3591 neque
860 3533 975 3592 poenitens
990 3540 1026 3578 est
1046 3528 1208 3590 inquietandos
1283 3521 1284 3546 ¹

210 3600 235 3640 nt
245 3595 319 3655 major
329 3598 398 3657 quim
415 3596 526 3656 possibile
537 3606 574 3646 est
582 3598 720 3659 acquiratur
730 3597 857 3650 certitudo.
1005 3661 1060 3708 w

1043 3676 1050 3706 a
1061 3692 1068 3708 .
