2642 4167
161 150 220 213 ΕΒΘ
362 148 499 230 Epitoote
514 144 655 209 doctrine
668 141 791 209 oracolis
802 153 831 208 et
844 146 992 211 canonico·

130 280 141 299 ·
200 255 235 312 In
253 240 393 312 decretali
412 246 595 311 Dolentcade
607 249 714 308 celebr.
730 248 813 309 miss.
826 250 954 328 poeuain
967 268 1034 321 eos,
1046 250 1168 330 quibua

160 348 212 399 aut
227 336 333 397 similia
351 344 466 413 agunt,
483 334 637 411 suspensio
650 333 793 393 indicitur
805 331 887 408 eltae
906 342 1005 397 umen
1018 337 1168 415 suspensio

160 432 204 485 cst
215 419 360 494 serendae,
376 437 435 479 non
448 419 513 478 late
532 419 685 478 sententiae
698 461 707 485 ‚
721 426 754 476 ut
764 419 918 496 explicavit
930 419 1082 481 Honorius
1091 422 1166 490 ΙΙΙ..

160 508 192 568 in
203 525 266 584 capr.
278 503 308 564 5.
326 502 476 565 deniteat
491 500 602 563 toneat
617 499 746 563 clericor.
764 503 875 564 inserto
889 504 918 563 in
932 505 1037 582 quinta
1055 504 1167 584 compi-

159 592 268 652 latione
278 589 468 650 decretalium
490 586 599 648 editui
620 585 807 649 Circeiolb.
826 606 858 649 n.
875 589 938 649 29.-

199 686 262 745 llos
279 702 338 745 non
354 680 513 743 mulctandi
527 681 701 751 canonicos,
721 681 779 740 nisi
800 679 870 741 evim
889 681 1117 759 supervenerint
1135 682 1166 741 in

156 769 250 833 ebore
268 779 334 847 post
348 767 515 827 absolutum
535 766 667 843 primum
695 773 874 823 nocturnum
892 783 959 823 cum
974 766 1167 827 lectionibus.

160 857 206 915 vel
223 864 288 934 post
313 871 364 913 sex
381 852 495 930 priores
511 850 638 928 psalmos
663 850 694 908 in
714 850 867 909 matutinis
885 849 922 908 de
936 849 1030 917 feria,
1051 849 1166 908 etiamsi

160 937 339 1002 consuetudo
361 936 456 1008 adsit,
473 934 650 1011 reprobatur
662 932 678 991 ai
689 934 720 991 S.
738 934 846 1007 Congr.
857 936 946 993 Cone.
960 933 992 993 in
1011 935 1168 994 interram-

161 1025 243 1084 nensi
265 1020 438 1081 visitationis
455 1020 504 1079 die
524 1020 562 1079 rt
577 1017 645 1094 ttaji
667 1019 754 1076 tort.
772 1018 817 1078 lb.
836 1036 867 1078 n.
881 1021 930 1078 25.

198 1127 382 1200 eramquam
397 1124 429 1182 in
455 1118 545 1182 choro
569 1128 728 1179 teneantur
753 1124 877 1179 recitare
895 1119 986 1179 semel
1006 1119 1038 1180 in
1054 1118 1166 1181 hebdo-
1204 1174 1217 1180 -

160 1209 243 1270 madd
257 1208 385 1266 ollieium
406 1204 632 1278 defunctorum
648 1212 729 1262 extra
742 1202 863 1262 eborum
881 1214 1050 1264 tamennon
1064 1213 1168 1264 tenen·

159 1307 229 1365 tur,
243 1294 321 1372 qued
337 1294 426 1352 etiam
448 1291 485 1350 de
498 1290 594 1350 officio
604 1291 637 1348 B.
652 1290 693 1347 bl.
706 1288 854 1365 Virginis,
880 1289 999 1367 psalmis
1019 1293 1168 1367 poeniteu·

159 1381 291 1448 delibus,
301 1389 329 1437 et
343 1373 714 1456 gradualibusdelinivitS.
724 1373 842 1433 Piusl'.
853 1374 886 1432 in
895 1374 947 1432 sud
956 1382 1049 1434 coust.
1061 1375 1167 1434 txtv.

159 1466 231 1525 lnst.
250 1464 356 1523 Eccles.
368 1462 435 1522 tot.
449 1479 480 1519 n.
492 1461 523 1519 9.

197 1559 282 1616 Missa
294 1555 505 1625 conventualis,
516 1550 693 1631 qabmquam
707 1567 767 1609 non
780 1549 1007 1611 veniatnomino
1019 1551 1167 1612 Horarum

159 1643 386 1719 canonicarum,
408 1641 490 1700 venit
517 1649 616 1699 tauron
640 1639 760 1697 nomine
789 1635 881 1695 divini
901 1637 988 1698 officii
1004 1657 1014 1714 ;
1030 1656 1123 1715 quare
1141 1638 1166 1698 si

158 1726 332 1787 cathedralis
346 1737 376 1786 et
387 1725 605 1804 collegiatarum
621 1722 751 1781 canonici
761 1730 899 1780 tenentur
909 1721 945 1780 ad
959 1722 1170 1798 quotidianumv

157 1813 286 1872 officium
305 1812 464 1880 divinum,
489 1817 628 1869 tenentur
647 1808 735 1865 etiam
754 1810 793 1864 ad
811 1806 1014 1884 quotidianam
1036 1807 1166 1867 cclcbra·

158 1898 269 1958 tionem
282 1895 412 1973 ejusdem
428 1896 534 1954 missae.
551 1893 626 1952 ibid.
645 1911 676 1951 n.
694 1893 743 1954 ll.
958 1898 963 1912 ‘

197 1988 421 2048 Immemorialis
439 1984 620 2048 consuetudo
643 2003 703 2044 non
719 1993 835 2044 exettsat
848 1985 1001 2045 canonicos
1014 1983 1165 2046 cathedra·

157 2073 232 2132 lium
254 2081 284 2131 ct
310 2072 528 2150 collegiatarum
549 2067 745 2146 insigniumb
767 2070 946 2145 residentivi3
971 2067 1047 2129 bend
1066 2079 1165 2130 tamen

157 2157 189 2216 in
212 2155 370 2231 collegiatis
389 2173 449 2215 non
477 2154 642 2230 insignibus
660 2163 690 2212 ct
712 2154 883 2225 aetralibus,
905 2153 937 2213 in
961 2155 1069 2232 quibus
1092 2153 1165 2214 adeo

157 2251 260 2301 tenues
271 2249 341 2299 sunt
354 2241 484 2311 reditus,
504 2249 537 2298 ut
550 2239 681 2297 canonici
698 2237 816 2298 aliunde
830 2257 890 2298 non
911 2238 1053 2299 habentes
1064 2284 1072 2309 ‚
1085 2241 1165 2299 unde

158 2327 258 2388 vivant
271 2343 331 2385 non
351 2323 489 2385 habeant.
504 2324 600 2383 lnstit.
615 2323 722 2382 Eccles.
739 2325 807 2383 tot.
820 2343 851 2383 n.
867 2325 896 2383 2.
917 2342 953 2385 ex
964 2324 1081 2385 decreto
1090 2326 1121 2383 S.
1130 2328 1165 2386 C.

196 2426 333 2489 Absentia
345 2426 362 2487 d
374 2424 465 2488 ebore
477 2444 532 2505 per
543 2434 603 2487 tres
626 2441 740 2484 menses
758 2444 819 2486 non
835 2418 1011 2505 intelligitur
1023 2428 1166 2506 permissa

158 2512 173 2574 ia
186 2513 379 2583 Tridentino,
401 2513 425 2571 si
442 2512 575 2572 Ecclesia
583 2511 809 2571 constitutiones
821 2511 975 2570 servitium
990 2511 1079 2569 totius
1093 2512 1165 2570 anni

157 2596 265 2675 absque
293 2596 352 2656 ulli
371 2595 588 2656 intermissione
608 2596 780 2670 requirnnt,
806 2604 840 2653 ut
866 2595 1043 2673 explicatum
1064 2603 1106 2673 est
1132 2596 1165 2653 in
1195 2662 1199 2667 ¹

156 2681 275 2740 decreto
287 2681 317 2739 S.
330 2681 363 2742 C.
381 2682 453 2741 lust.
469 2679 545 2743 Eccl.
557 2679 625 2738 tot.
644 2696 676 2735 n.
691 2680 740 2737 51.
752 2678 816 2751 Quo
830 2679 861 2737 in
876 2696 909 2737 rc
925 2679 1006 2738 nulla
1019 2678 1166 2737 contrariu
1217 2682 1219 2685 ’

158 2767 337 2826 consuetudo
350 2768 438 2827 otiam
458 2763 704 2827 immemorabilis
716 2762 885 2823 admittitur
893 2807 903 2839 ,
915 2771 950 2822 ut
962 2763 1076 2822 censuit
1089 2763 1120 2821 S.
1130 2764 1164 2822 C.

158 2850 189 2909 in
209 2868 262 2910 sue
276 2851 403 2911 decreto.
420 2849 496 2911 tbtd.
1170 2848 1171 2853 ’

195 2943 431 3004 devocationem
448 2943 541 3002 trium
555 2941 703 3002 mensium
715 2958 877 3001 concessam
891 2940 1089 3001 ivTa’identino
1103 2958 1164 3000 non

156 3028 320 3104 requiritur
334 3028 450 3088 licentia
460 3027 595 3104 Episcopi
608 3070 615 3095 ‚
629 3026 656 3084 si
670 3036 769 3087 tamen
788 3027 865 3087 intra
887 3025 1035 3085 dioeeesim
1055 3026 1166 3085 consis-

157 3122 221 3172 tant
233 3133 242 3187 3
254 3113 416 3190 requiritur
429 3120 526 3170 autem
539 3112 685 3183 vicissim,
698 3112 721 3171 si
735 3130 765 3172 se
777 3112 813 3172 ub
827 3112 875 3171 illd
886 3110 1056 3186 absentent3
1067 3111 1165 3188 *petita

156 3207 254 3342 Erigon
270 3215 332 3342 app
350 3196 484 3257 debetab
494 3197 636 3275 Episcopo
646 3197 768 3277 negari;
785 3198 825 3258 ita
837 3215 873 3257 ex
883 3195 1001 3257 decreto
1012 3196 1043 3254 S.
1054 3197 1161 3274 Congr.

192 3301 199 3341 t
225 3300 278 3342 .n.
335 3325 343 3342 .

193 3377 331 3437 Canonici
350 3377 451 3458 vigore
472 3377 630 3436 trimestris
651 3375 774 3438 icone.
788 3376 871 3436 Trid.
886 3375 942 3436 sibi
960 3376 1086 3436 concessi
1101 3393 1163 3436 non

156 3472 278 3538 possunt
292 3463 380 3521 simul
400 3462 501 3523 abesse
520 3462 536 3521 b
554 3462 643 3523 choro
667 3463 745 3522 ultra
771 3463 888 3522 tertiam
905 3470 1020 3539 partem
1048 3479 1108 3519 uno
1133 3471 1165 3521 ct

154 3541 259 3603 eodem
278 3554 429 3627 tempore,
451 3565 505 3608 uae
520 3548 701 3610 vacationem
716 3546 792 3607 bane
805 3545 939 3607 obtinere
954 3552 1076 3626 possunt
1086 3552 1163 3606 tent·
