2642 4167
311 213 340 296 ς.
357 216 396 276 ll.
410 215 456 277 De
471 217 604 279 oratione
617 214 887 299 contemplationis,
898 229 951 286 etc.
1091 229 1149 292 tas

136 316 244 382 codem
260 316 389 388 Sancto,
411 317 555 395 quandob
568 320 620 379 SS.
636 318 795 383 Francieco
807 323 940 404 Bomio,
961 333 991 387 et
1003 328 1092 391 Petro
1112 329 1149 392 de

131 401 305 465 atrociora
323 401 380 462 fuit
399 401 472 461 lacta
493 404 639 477 securior,
654 404 731 464 donn
745 424 811 482 qrrae
824 408 885 485 ipso
899 421 1066 489 acceperat,
1082 431 1146 474 esse

131 485 206 549 reric
229 486 352 555 diuina,
375 503 412 546 ex·
434 503 470 545 co
489 495 622 565 tempore
644 488 682 548 ad
705 491 914 568 perfectionem
938 512 998 555 non
1020 497 1147 574 amplids

130 572 292 638 cucurrit,
316 569 366 629 sed
393 571 532 631 evolavit.
557 575 659 650 Neque
681 593 716 634 ex
740 592 776 634 eo
797 576 878 653 qubd
903 581 996 640 cernit
1017 580 1147 644 director

130 658 268 716 animam
284 653 446 714 identidem
460 656 491 714 in
505 656 632 732 aliquem
647 658 792 719 delectum
811 660 940 722 incidere
956 664 1081 742 (quotics
1094 667 1146 728 dc·
1214 694 1217 699 ’

128 742 227 801 lectus
253 757 316 800 non
337 749 407 800 sunt
429 739 516 819 plone
535 741 709 809 deliberati,
729 753 781 803 aut
796 748 941 807 commissi
962 767 1028 808 cum
1048 749 1147 813 adba-

129 824 252 893 rentia,
268 832 298 884 et
316 823 498 902 contemptu)
513 837 652 904 reputare
664 827 752 887 debet
766 845 867 889 omnes
883 828 1051 907 hujusmodi
1065 853 1146 896 com·

129 909 352 971 muniretiones
376 927 432 987 pro
452 910 632 977 mendaciis,
652 922 683 970 et
703 913 899 973 illusionibus.
914 916 1059 976 Dominus
1074 920 1145 980 tales

127 994 241 1071 gratias
252 992 385 1053 concedit
397 1011 456 1053 non
467 992 583 1053 tantiam
598 995 750 1055 animalum
761 998 969 1074 perlectis,sed
985 1002 1143 1079 aliquando

99 1141 114 1155 -,
126 1078 222 1139 ctiam
244 1077 444 1156 imperfectis,
465 1078 498 1136 ed
518 1078 627 1138 scilicet
647 1081 779 1147 ratione,
796 1089 830 1141 ut
850 1083 955 1144 liberet
973 1084 990 1144 d
1013 1087 1073 1146 suis
1086 1089 1145 1148 im·

127 1162 379 1243 perlectionibus,
388 1171 417 1221 ει
426 1161 463 1221 ad
473 1162 566 1222 vitam
577 1164 780 1242 perfectiorem
792 1168 922 1228 extollat.
933 1169 1016 1230 Unde
1025 1172 1144 1248 quando

79 1258 84 1265 ·
127 1245 319 1325 dignoscitur
333 1243 412 1325 qubd
426 1264 481 1324 per
492 1244 662 1324 hujusmodi
678 1251 967 1325 communicationes,
975 1255 1072 1315 anima
1085 1273 1144 1316 ma·

127 1334 174 1412 gis
197 1331 350 1409 magisque
370 1349 401 1391 se
425 1331 531 1391 liberat
554 1331 789 1410 spissioribus,
803 1343 834 1395 ει
852 1338 970 1415 prolicit
987 1339 1018 1399 in
1042 1359 1143 1404 amore

127 1417 237 1476 divino
250 1457 259 1487 ‚
272 1425 361 1494 atquc
372 1415 405 1475 in
420 1416 566 1476 desiderio
577 1417 783 1495 perfectionis,
802 1419 918 1496 signum
932 1422 1067 1500 estquod
1084 1425 1143 1488 illae

128 1501 194 1559 sint
208 1499 306 1559 bonae.
321 1501 365 1559 De
381 1500 496 1577 reliquo
515 1501 634 1577 quando
652 1502 750 1579 agitur
768 1503 806 1563 de
825 1506 928 1578 gratiis
940 1509 1091 1578 externis,
1109 1518 1143 1570 ut

128 1589 203 1644 sunt
225 1583 372 1659 visiones,
398 1585 580 1654 locutiones,
604 1594 634 1646 et
657 1588 871 1658 revelationes,
898 1589 1074 1666 regulariter
1097 1593 1142 1652 lo·

128 1666 271 1745 quondo,
281 1673 316 1727 ut
328 1667 475 1738 diximus,
489 1668 583 1730 tutids
600 1678 663 1741 εει,
677 1678 711 1729 ιιι
723 1671 851 1730 director
868 1671 1002 1731 ostendat
1013 1680 1044 1731 se
1056 1674 1139 1751 parvi

128 1769 179 1811 cas
199 1751 314 1824 lacere,
327 1752 453 1811 dicendo
466 1753 497 1814 id
513 1754 592 1830 quod
609 1756 650 1813 ait
668 1756 700 1815 S.
719 1754 855 1815 roncata
873 1752 890 1814 ὸ
908 1756 981 1815 coeto
997 1765 1063 1834 post
1077 1758 1142 1821 obi·

129 1843 197 1894 tum
209 1852 298 1895 suum
311 1837 426 1896 cuidam
439 1855 571 1916 personae
581 1839 742 1916 religiosae:
758 1839 803 1898 Ne
813 1835 915 1916 fidant
928 1837 1037 1902 animae
1050 1841 1141 1904 orcio-

128 1917 240 1985 nibua,
254 1925 284 1978 et
300 1918 526 1981 revelationibus
546 1921 799 2002 particularibus,
820 1939 871 1983 nec
892 1919 1029 1985 eoibeent
1044 1927 1141 2008 perse·

128 2002 258 2063 ctionem
272 2001 305 2064 ia
318 2007 360 2065 eia
376 2003 518 2066 totondit
532 2029 542 2065 .·
556 2004 623 2067 licit
640 2009 719 2069 enim
736 2004 846 2085 aliqum
863 2026 900 2069 er
914 2009 956 2070 eis
966 2011 1028 2071 sint
1044 2029 1139 2087 ocem,

128 2082 232 2169 plures
251 2087 447 2150 nihilominus
466 2098 537 2152 sunt
551 2088 661 2170 solea,
680 2099 709 2151 et
725 2090 874 2153 nnredmea
891 2102 944 2154 ret
961 2092 1079 2176 difficile
1095 2105 1141 2160 εει

130 2171 368 2250 invenireunom
386 2173 538 2235 veritatem
559 2176 637 2236 inter
652 2173 744 2256 pineo
761 2175 915 2238 merriocia
927 2179 1029 2258 (quare
1040 2184 1140 2259 plures

130 2266 201 2318 sunt
220 2258 348 2317 visiones
365 2257 444 2317 salsae
461 2257 549 2336 quim
568 2261 657 2339 verae)
669 2282 678 2335 3
690 2269 719 2321 et
737 2279 794 2340 quo
811 2260 928 2323 auidiis
949 2273 1139 2344 expetentur,

131 2341 213 2401 etin
233 2341 327 2421 pretio
345 2339 548 2414 iubebantur,
568 2345 602 2413 ed
620 2344 716 2426 inopis
728 2362 855 2425 perenna
872 2345 1021 2409 olrerrabit
1033 2348 1138 2428 elide,

130 2436 159 2488 et
171 2425 360 2495 inutilitate,
371 2445 438 2507 quoe
450 2436 493 2489 eet
506 2430 557 2490 oio
571 2433 676 2501 tutior,
689 2449 781 2510 qnam
791 2430 924 2509 posuerit
934 2434 1026 2493 Deua.
1041 2435 1140 2507 Quare

130 2511 181 2572 det
197 2511 228 2571 ei
248 2512 421 2582 consilium,
432 2521 466 2572 ut
477 2523 542 2573 oret
551 2516 664 2585 Deum,
678 2524 714 2575 ut
725 2531 825 2574 reram
843 2515 982 2575 concedat
997 2517 1136 2592 extasim,

131 2597 243 2658 scilicet
265 2598 386 2656 totalem
406 2595 424 2657 i
444 2596 533 2657 rebus
555 2599 702 2666 terrenis,
724 2607 754 2658 et
774 2597 792 2656 b
812 2599 967 2675 semetipsa
987 2599 1140 2662 alienatio·

131 2698 198 2740 nem
210 2723 219 2750 ,
232 2680 364 2757 sineque
384 2679 420 2740 ad
434 2681 642 2757 perlectionem
663 2696 827 2757 numquam
846 2681 956 2740 valebit
973 2684 1137 2758 pervenire.

130 2762 216 2837 Quid
235 2764 261 2823 si
283 2781 415 2841 unquam
437 2765 567 2826 director
588 2764 722 2823 advertat
744 2763 874 2822 animam
897 2780 958 2823 uon
983 2783 1044 2824 esse
1065 2767 1140 2830 uene

130 2847 283 2912 tuncrum
295 2848 328 2907 in
338 2866 398 2908 suoe
409 2849 535 2929 miserim
543 2848 730 2928 cognitione,
741 2852 772 2905 ct
781 2845 870 2906 vellet
880 2864 935 2926 pro
947 2857 1027 2910 certo
1039 2852 1140 2912 tenere

131 2931 211 3010 quid
231 2949 292 2992 sua
312 2934 592 2995 communicationes
610 2933 672 2993 sint
689 2933 859 3008 dirinoeeet
874 2932 1043 2994 turbaretur
1054 2936 1139 3005 audi·

130 3015 228 3086 endo,
242 3013 323 3094 quod
337 3017 466 3078 director
488 3018 580 3079 nollet
597 3035 645 3077 cas
668 3017 787 3078 credere
806 3014 851 3077 uti
870 3018 960 3090 tales,
978 3020 1139 3097 pessimum

129 3098 247 3179 “signum
267 3110 312 3161 est
326 3121 334 3159 ε
348 3102 469 3178 signum
487 3113 531 3162 εει
554 3101 635 3180 quid
656 3104 715 3163 illae
729 3105 789 3162 sint
810 3102 951 3163 demonis
971 3120 1009 3163 ex
1028 3102 1150 3167 effecti-s

129 3181 185 3244 bus
203 3186 255 3262 qui
276 3184 487 3257 observantur,
502 3187 609 3248 scilicet
628 3187 802 3248 adhasionis
820 3187 1047 3265 superbiae3aut
1061 3187 1139 3248 iudi·

129 3267 208 3327 cium
225 3278 271 3329 est
290 3267 372 3346 qubd
391 3270 489 3329 anima
507 3288 567 3332 non
585 3269 659 3332 bene
674 3273 828 3341 ambulet,
842 3272 982 3348 quoniam
1002 3272 1064 3348 ipsa
1079 3273 1138 3332 sal-

129 3357 187 3410 tem
209 3350 348 3412 dubitare
369 3350 511 3425 deberet,
528 3356 642 3431 quoties
664 3355 781 3415 dubitat
802 3355 1010 3427 contenarius,
1024 3366 1055 3416 et
1070 3355 1137 3417 idcb
1190 3412 1193 3417 .

130 3431 160 3492 iu
179 3432 236 3495 hoc
255 3453 325 3496 casu
346 3436 485 3497 omuibus
506 3439 601 3499 modis
623 3448 668 3498 cst
690 3438 898 3509 humilianda,
920 3447 951 3498 ει
976 3440 1009 3500 in
1030 3441 1137 3502 timore

128 3514 287 3582 detinenda
311 3519 459 3599 quantum
477 3521 543 3583 lieri
564 3533 680 3605 poteslt3
699 3532 729 3583 ει
741 3531 811 3583 tunc
828 3524 852 3584 si
865 3540 920 3584 nec
931 3524 1020 3585 etiam
1037 3527 1138 3605 requi·

129 3603 198 3668 crata
209 3648 219 3682 ,
231 3607 335 3687 privet
351 3623 417 3668 eom
437 3610 665 3681 communione,
681 3617 714 3670 ct
730 3608 861 3672 sercriirs
876 3610 1050 3688 mortificet,
1068 3615 1136 3692 quia
1159 3662 1161 3665 .
