2642 4167
389 200 435 260 Dc
447 192 725 278 interrogationibus
742 191 899 274 faciendis.
1108 198 1146 258 53

141 319 210 365 nam
222 299 414 363 cliristianr'm
432 299 475 358 illl
487 297 680 366 docerentur,
691 302 726 354 ut
741 294 828 356 siaa
840 293 1015 356 inararem
1027 337 1038 367 ‚
1050 311 1145 358 nora·

141 395 240 448 menta
265 385 508 461 frequentarent,
532 398 638 458 pravos
666 379 787 450 socios,
811 385 842 438 et
868 395 1005 456 personas
1025 378 1146 442 merrus

140 469 227 531 sextis
241 469 395 530 vitarent?
415 467 490 526 ltem
521 481 570 524 eos
596 464 785 540 interroget,
814 461 840 521 si
869 462 1005 523 seandalo
1025 462 1147 523 luerunt

139 554 218 625 iilis,
234 554 266 612 in
283 567 388 613 eorum
400 548 556 627 praesentia
572 544 819 625 blasphemando,
833 546 953 606 etc.?Si
967 546 1005 608 de
1024 546 1146 608 moesu-

138 639 198 700 bus
216 653 266 696 eos
286 653 346 696 non
361 632 625 711 eorripuerint,et
645 629 794 709 praecipui
810 629 834 690 si
848 628 960 710 aliquid
973 629 1061 691 iurati
1071 629 1146 690 siut?

138 723 172 783 Si
181 719 370 801 permiserint
381 762 389 790 ,
400 727 434 776 ut
443 717 542 793 sponsi
552 731 675 776 suarum
690 714 820 774 tiliarum
829 713 951 778 domum
962 712 1146 775 acoederent?

137 807 177 867 Et
190 800 376 884 potissimirm
402 801 427 861 si
452 801 528 860 lilios
553 817 652 860 seeum
680 798 712 858 in
733 799 837 858 eodem
856 797 932 858 lecto
946 798 1146 870 retinuerint3

138 899 193 949 nut
205 886 394 967 permiserint
415 902 544 962 pueros,
565 892 596 943 et
619 882 731 961 puellas
753 882 843 942 sinaut
861 882 1014 943 dormire?
1027 883 1102 942 tecm
1121 877 1145 942 si

138 972 296 1034 omiserint
324 969 462 1027 alimenta
491 966 652 1028 necessaria
679 965 747 1027 filiis
773 965 968 1026 ministrare?
993 965 1024 1025 Si
1052 963 1147 1030 modis

137 1055 258 1132 injustis
276 1054 426 1130 coegerint
438 1050 515 1110 filios
532 1051 569 1110 ad
586 1058 696 1110 statum
716 1049 966 1112 matrimonialem
984 1048 1147 1124 suscipien-

136 1140 232 1210 dum,
260 1138 308 1198 vol
331 1146 366 1194 ut
387 1136 482 1195 Sacris
500 1134 715 1205 initiarentur,
739 1141 791 1193 aut
816 1133 947 1211 aliquam
974 1132 1146 1210 religionem

137 1222 227 1286 inviti
249 1220 496 1298 ingrederentur?
509 1236 579 1277 nam
594 1215 650 1278 hoc
666 1226 785 1295 agentes
805 1218 934 1295 graviter
946 1224 1079 1294 peceant.
1089 1214 1146 1276 Sed

138 1306 178 1366 de
197 1303 253 1366 hoc
271 1312 407 1381 parentes
426 1302 524 1379 plures
543 1302 660 1364 nullum
685 1301 742 1361 sibi
765 1302 937 1379 scrupulum
960 1300 1092 1376 iaciunt,
1116 1308 1147 1360 et

137 1389 210 1450 binc
222 1388 292 1449 tiliis
307 1387 451 1466 pernicies
464 1430 472 1456 ,
485 1394 515 1446 et
528 1385 662 1445 Ecclesia
677 1385 841 1446 maximum
857 1385 1070 1448 detrimentum
1079 1401 1147 1443 ere·

137 1475 206 1535 nire
218 1473 301 1533 solet.
316 1475 481 1548 interroget
501 1471 590 1532 etiam
609 1469 767 1538 dominos,
781 1469 805 1529 si
824 1469 949 1530 famulos
967 1485 1036 1532 suos
1054 1468 1147 1529 corri-

137 1557 282 1637 puerint,
311 1554 383 1615 ciam
398 1553 661 1633 blasphemabant,
689 1562 741 1613 aut
765 1564 910 1633 precepto
937 1551 1064 1632 paschali
1086 1568 1145 1610 non

137 1640 375 1710 satisfaciebant,
399 1647 450 1698 aut
481 1639 570 1697 Sacro
603 1656 664 1699 non
698 1638 882 1709 intererant,
914 1646 965 1696 aut
992 1632 1147 1716 inhonesti

136 1724 361 1803 loquebantur,
381 1719 527 1799 praecipui
539 1721 641 1782 messis
655 1730 686 1780 et
697 1721 854 1781 vindemio
869 1718 1074 1795 temporibu23
1094 1716 1147 1777 do·

138 1807 217 1870 mini
237 1808 317 1867 euim
343 1804 548 1883 cumpossunt
571 1813 713 1866 tenentur
731 1802 877 1882 impedire
900 1800 1055 1872 seandala,
1080 1819 1147 1879 que

138 1903 213 1953 tunc
236 1890 474 1954 committuntur.
490 1890 655 1966 interroget
680 1889 771 1952 etiam
787 1887 888 1960 viros,
907 1888 932 1950 si
959 1886 1079 1952 familie
1091 1885 1146 1950 ali-

139 1980 240 2036 menta
252 1973 509 2034 ministraverint?
524 1972 650 2045 Uxores,
673 1973 698 2033 si
716 1973 796 2033 viros
814 1972 853 2034 nd
874 1969 1068 2051 blasphemias
1081 1987 1146 2047 pro·

138 2058 329 2129 vocaverint,
353 2066 383 2117 et
407 2056 432 2116 si
450 2073 500 2118 eoa
518 2055 618 2120 debito
642 2056 854 2124 matrimoniali
881 2055 1147 2119 defraudaverint?

138 2139 320 2219 Pleritmque
333 2140 371 2201 de
384 2139 442 2204 boc
460 2141 682 2220 interrogentur
695 2159 800 2202 uxores
813 2185 822 2213 ,
839 2142 907 2220 quia
921 2140 1070 2202 multoties
1082 2156 1147 2218 pro·

139 2232 209 2304 pter
222 2223 280 2287 boc
293 2224 391 2288 solum
412 2225 612 2296 damnantur,
629 2234 660 2285 et
672 2225 704 2284 in
730 2244 814 2286 causa
830 2235 900 2286 sunt
919 2244 973 2288 cur
984 2226 1073 2285 etiam
1088 2223 1145 2284 viri

139 2309 341 2383 damnantur,
360 2306 493 2386 quinium
507 2309 664 2370 observent
682 2309 736 2370 sibi
753 2310 891 2389 denegari
907 2313 988 2387 quod
1001 2309 1144 2380 debetur,

138 2393 177 2454 nd
190 2393 273 2452 mille
284 2394 392 2456 seelera
407 2392 542 2454 effrenati
553 2392 705 2453 decidunt.
719 2391 919 2454 Nihilominus
929 2394 960 2453 in
978 2392 1032 2454 bac
1053 2392 1145 2456 inter·

138 2478 298 2556 rogatione
312 2476 410 2535 verbis
427 2475 671 2549 modestioribus,
684 2486 829 2554 quantum
843 2477 909 2537 fieri
931 2478 1059 2556 poterit,
1079 2486 1146 2537 utc-

139 2571 208 2630 tur,
224 2578 257 2620 v.
269 2578 299 2638 g.
313 2562 392 2619 Esne
412 2557 544 2622 obediens
565 2568 614 2621 tcto
636 2558 701 2621 viro
721 2560 811 2621 etiam
831 2562 863 2622 in
881 2558 966 2626 retus
982 2559 1023 2620 od
1039 2563 1145 2623 matri·

139 2644 274 2707 connium
289 2644 514 2723 spectantibus?
531 2653 585 2706 nect
597 2643 686 2706 bobes
697 2644 803 2724 [oreon
822 2642 952 2721 aliquem
961 2640 1144 2722 scrupulum,

136 2726 193 2808 pei
207 2735 236 2789 tc
249 2725 362 2792 recordat
373 2727 451 2788 circu
462 2724 688 2790 nentrimonierm
700 2731 715 2784 ?
727 2727 779 2785 sed
795 2724 857 2785 hoec
876 2725 1068 2803 interrogatio
1083 2769 1092 2799 ,
1113 2735 1145 2790 ut

138 2809 322 2890 plurimun,
336 2811 491 2876 omittatur
508 2829 577 2872 cum
597 2807 740 2869 uxoribus
764 2827 830 2888 qua
850 2808 941 2870 vitam
962 2809 1144 2888 spiritualem

136 2893 330 2972 profitentur.

177 3059 230 3124 56.
251 2999 361 3128 Cruor
374 3062 413 3123 V.
429 3070 607 3144 preceptum
628 3062 792 3142 interroget
811 3063 1027 3142 poenitentem,
1046 3064 1071 3125 si
1091 3064 1145 3126 ali·

135 3144 218 3225 quod
228 3163 320 3223 grave
333 3145 476 3214 damnum
488 3147 624 3224 proximo
634 3147 822 3225 appetiverit,
834 3148 931 3208 autde
947 3149 1026 3208 illius
1037 3147 1145 3220 damno

136 3247 169 3289 se
188 3228 449 3294 obteeuveritruc
463 3228 512 3291 bic
527 3239 668 3303 notetur,
688 3230 768 3310 qubd
788 3231 812 3290 si
833 3231 940 3309 aliquis
956 3248 1010 3290 suo
1026 3231 1145 3296 inimico

136 3312 253 3374 diversa
270 3312 347 3374 mala
362 3314 565 3393 exoptaverit,
588 3331 624 3375 ex
643 3333 690 3395 gr.
708 3321 835 3376 mortem
850 3357 859 3388 ,
874 3314 1048 3388 infamiam,
1073 3334 1145 3394 puu-

136 3404 307 3473 pertatem,
332 3406 389 3459 etc.
418 3406 537 3462 tenetur
554 3399 653 3462 omnia
675 3397 850 3471 declarare,
872 3406 902 3456 et
933 3406 1003 3458 sunt
1029 3398 1145 3462 diversa

135 3486 255 3556 peccata
272 3496 400 3544 numero
417 3479 577 3554 distincta,
600 3479 669 3542 edm
689 3499 724 3542 ea
744 3480 839 3541 voluit
863 3480 1016 3544 efficaciter
1034 3482 1078 3544 illi
1098 3485 1145 3545 in·

134 3562 216 3624 serre
238 3570 318 3624 taut
340 3564 365 3624 si
388 3564 537 3644 speciatim
559 3574 588 3626 et
616 3564 648 3625 in
675 3563 844 3643 particulari
872 3566 1003 3645 optarit,
1030 3574 1063 3626 ut
1083 3564 1144 3634 brer
