2642 4167
154 172 212 233 ibo
388 167 522 227 Beatam
534 161 780 228 ordinandorum.
799 167 872 248 Cap.
885 164 914 228 5.

155 271 287 434 ppa·inta‚
315 265 407 431 ἒιὲᾎᾱ)
424 264 605 345 probabilius
629 282 691 327 nou
713 272 829 346 eportet
851 278 885 329 ut
907 268 945 329 sit
972 237 1164 332 benedictum

183 398 191 415 .
215 374 239 417 e.
265 372 299 414 a.
385 394 419 412 ..

167 509 173 527 .
191 466 694 548 ant.-nequnnurv1.alteate
708 471 877 532 Romanam
888 471 1040 534 continens
1055 474 1164 536 saltem

153 560 302 637 integrum
318 556 476 617 Cononem.
491 553 601 615 Dicunt
614 562 714 614 autem
733 555 971 617 communissime
983 600 992 632 ,
1006 566 1035 617 ct
1048 558 1162 636 proba·

152 643 254 708 bilitee
265 643 356 704 Saea.
368 640 458 717 Voaq.
468 638 574 717 Loym.
588 634 658 699 Pol.
673 639 755 718 nepo
767 682 776 710 ‚
790 634 882 701 Soloe.
899 637 1009 712 croix,
1025 650 1079 703 ete.
1097 662 1162 703 uon

152 744 272 807 peccare
292 725 488 785 celebrantem
509 722 573 782 sinc
593 722 724 792 uisui,
745 722 771 783 si
792 725 966 783 memoriter
990 723 1065 787 bend
1088 728 1162 787 sciat

152 810 293 882 dicenda,
307 819 338 870 et
355 807 394 867 ob
407 806 587 884 praeteritam
598 806 809 884 experientiam
821 824 882 869 non
895 808 935 867 sit
948 809 976 869 ei
995 811 1161 887 periculum

152 894 282 958 errandi.
297 893 345 954 Uti
357 890 428 952 verb
437 890 543 951 blissali
555 891 746 968 Regularium
758 891 879 970 (scilieet
891 893 1064 955 celebrando
1074 895 1160 973 juxta

152 998 256 1044 eorum
275 975 380 1055 ritum)
396 982 442 1037 est
463 976 588 1036 mortale
599 977 696 1035 'ctiam
717 975 749 1034 in
771 976 902 1054 ipsorum
923 978 1055 1040 Ecclesiis
1075 979 1109 1059 (l.
1130 1001 1157 1041 c.

150 1060 1160 1144 aoso).aequirituavt1.attniatcrsubgraviabliganone‚s'altem

151 1150 292 1229 usquead
306 1147 502 1220 oblationem,
520 1146 576 1205 nisi
593 1154 711 1224 urgeret
721 1146 873 1207 necessitas
886 1146 974 1208 dandi
986 1149 1131 1211 viaticum
1149 1196 1159 1222 ‚

150 1239 197 1298 rel
216 1236 359 1298 etiamne
377 1234 532 1295 omittatur
557 1249 672 1291 sacrum
692 1233 724 1292 in
743 1231 791 1292 die
812 1232 896 1292 leste.
920 1232 1054 1295 Minister
1070 1236 1160 1298 debct

150 1341 213 1384 esso
233 1319 400 1387 masenius,
424 1335 493 1377 nam
514 1316 642 1376 foeminse
664 1316 719 1377 sub
744 1318 828 1396 gravi
853 1317 938 1395 eulpa
961 1318 1159 1396 probibentur

151 1403 321 1470 immediate
345 1404 514 1464 ministrare
534 1403 566 1462 in
588 1402 687 1462 altari.
710 1403 819 1463 Dicunt
838 1412 937 1465 tamen
959 1410 1159 1469 communiter

151 1498 255 1573 Lapat.
275 1492 366 1552 Snor.
381 1483 779 1550 notandumque.
797 1504 866 1547 eum
882 1505 942 1549 non
960 1507 1078 1568 peceare
1090 1512 1159 1568 gra-

151 1580 228 1639 viter
246 1577 298 1653 qui
319 1574 447 1635 celebrat
469 1571 665 1650 respondente
689 1571 825 1631 muliere.
846 1571 910 1633 lmb
926 1572 1028 1635 dicunt
1044 1572 1157 1638 Palati.

156 1658 317 1741 Winstedt,
343 1660 457 1719 Teura.
480 1658 580 1735 Lupo,
604 1656 710 1734 caym.
732 1662 785 1715 ete.
806 1654 882 1716 bend
901 1659 1054 1734 permitti,
1075 1658 1159 1738 qubd

150 1747 280 1807 immine
298 1742 475 1821 quandoque
489 1740 685 1818 respondeant
697 1745 714 1797 d
724 1736 827 1817 longe,
844 1740 971 1801 maximo
981 1742 1007 1811 *si
1022 1741 1081 1802 sint
1093 1745 1158 1805 blo-
1273 1803 1280 1814 ,

150 1831 265 1899 males,
287 1825 376 1887 modo
397 1825 443 1903 (ut
461 1824 601 1901 diximus)
625 1841 687 1904 nop
709 1821 877 1884 immediate
898 1823 930 1884 in
955 1823 1040 1886 altari
1064 1828 1157 1889 mini·

149 1923 246 1975 staent
263 1910 298 1991 (i.
312 1912 342 1972 6.
355 1929 388 1971 aa.
402 1911 455 1971 591
472 1917 502 1970 et
513 1908 607 1986 aba).
843 1922 846 1928 ·

187 2033 257 2093 lan.
272 2064 312 2077 -
326 2028 499 2107 Requiritur
518 2028 597 2088 Vlll.
617 2026 700 2089 Cane
716 2045 782 2090 euna
802 2027 962 2109 crucifixe,
985 2030 1099 2092 etiamsi
1121 2033 1161 2100 in,

150 2116 234 2179 altari
248 2117 414 2194 expositum
432 2115 471 2172 sit
486 2112 539 2172 ss:
556 2113 797 2185 Sacramentum,
818 2123 852 2173 ut
869 2114 995 2175 babetur
1013 2133 1049 2176 ex
1065 2135 1159 2177 caerc-

149 2202 269 2263 moniali
283 2201 516 2279 Episcoporum‚
533 2205 564 2256 et
588 2196 669 2256 decr.
688 2198 719 2257 S.
734 2199 831 2277 Congo
851 2197 905 2277 (l).
928 2197 1034 2260 Utrtim
1054 2210 1157 2262 autem

149 2289 187 2348 eit
207 2286 331 2346 mortale
347 2284 497 2345 celebrare
507 2282 571 2341 sine
583 2286 691 2341 cruce?
706 2285 819 2360 Negant
834 2285 1030 2345 communiter
1047 2286 1155 2365 layna.

148 2374 238 2434 Sacae.
252 2372 364 2431 Bonae.
380 2371 490 2428 Teura.
504 2368 590 2427 Coae.
604 2364 683 2427 Hab.
698 2368 811 2427 Mernti
818 2411 826 2438 ,
840 2376 893 2428 ete.
902 2368 959 2428 Sed
970 2370 1156 2430 animadver-

148 2456 293 2527 tendum,
316 2452 397 2532 quod
419 2449 529 2513 Beacd.
553 2451 645 2512 XIV.
665 2451 696 2510 in
720 2450 836 2512 decreto
860 2453 971 2513 directo
990 2453 1027 2512 ad
1050 2471 1156 2515 omues

149 2542 305 2619 Episcopos
321 2538 377 2598 sub
393 2538 442 2599 die
459 2538 508 2597 lt.
527 2535 598 2595 Julii
620 2536 691 2594 anni
706 2537 799 2606 1746,
818 2537 1156 2618 incipientedccepimue

149 2623 226 2702 (eide
241 2623 274 2684 in
293 2620 426 2700 Bellon.)
443 2622 483 2682 sic
500 2622 541 2681 ibi
559 2622 589 2680 in
609 2619 668 2679 linc
687 2621 881 2702 semitaque
896 2622 1032 2700 praecepit
1046 2642 1054 2679 ε
1071 2619 1157 2683 litua

148 2708 230 2770 cobis
248 2707 460 2788 precipimus,
479 2714 515 2766 ut
538 2701 621 2765 nollo
644 2702 730 2765 niodo
755 2704 918 2785 patiamini
939 2724 999 2765 rem
1020 2705 1156 2767 diuinam

145 2791 216 2872 fieri
231 2790 272 2851 od
290 2788 461 2872 liujusaaodi
484 2788 612 2861 altario,
629 2788 692 2849 nisi
709 2787 868 2868 crucifixus
882 2790 960 2849 inter
977 2786 1156 2852 carantanae

148 2874 392 2953 depraedarent,
412 2879 447 2932 ut
468 2870 600 2932 sacerdos
610 2915 619 2946 ‚
634 2890 670 2931 oe
687 2869 814 2951 populos
832 2868 963 2933 eitnadeat
977 2870 1157 2951 crucifixum

147 2954 237 3039 focile
256 2965 285 3017 et
304 2954 450 3017 comitandi
469 2955 581 3014 intueri
596 2954 732 3035 possiam,
752 2953 831 3034 quod
851 2953 965 3015 euenire
985 2956 1105 3035 inquit,
1125 2957 1156 3017 si

36 3043 38 3046 ’
147 3040 256 3121 eoique
271 3038 366 3102 sotim
388 3056 463 3118 erne
483 3037 594 3098 mitiori
618 3034 726 3099 tabule
746 3036 845 3118 delixa
865 3037 1000 3119 fidelibus
1016 3037 1154 3099 exbiben-

149 3134 208 3185 tur.
223 3125 308 3185 Prius
329 3124 460 3184 enimin
482 3121 587 3181 eodem
609 3122 727 3181 decreto
747 3140 823 3181 vers.
844 3121 990 3202 Equidem
1014 3122 1152 3183 diremti

148 3206 230 3271 Iliad
244 3209 408 3287 peranittere
427 3201 599 3265 nullatemis
615 3222 790 3300 passumus²
819 3204 898 3284 qudd
916 3208 1018 3266 Missae
1037 3204 1153 3285 sacrifi·

148 3292 226 3352 cium
242 3292 275 3351 in
294 3289 501 3352 lumenarebus
521 3286 697 3359 celebretur,
717 3307 784 3369 qaae
800 3298 921 3349 careant
940 3288 1067 3367 irraoqine
1084 3306 1155 3349 eru·

148 3374 232 3453 eifiei
242 3419 251 3446 ‚
264 3372 310 3435 oct
327 3374 394 3457 ipso
415 3372 595 3436 incoaaaode
618 3381 773 3434 stutootnr
790 3381 860 3434 cate
869 3372 1069 3455 presbyterum
1080 3368 1155 3433 eelo-
1223 3439 1227 3450 ,

179 3578 198 3628 ii
204 3580 305 3646 lptssouder
315 3585 331 3628 l.
342 3583 367 3628 6.
378 3597 401 3629 n.
414 3585 458 3630 593
615 3586 681 3637 Edit.
