2642 4167
182 211 248 277 ist
377 210 402 237 ”
461 208 767 298 i‘roeiseoufi’sourii.
784 206 901 300 cepe.
966 250 968 257 ·

187 316 282 401 'nimis
295 310 454 395 {rigescens
469 317 561 378 noiiet
581 318 617 378 ad
644 319 742 396 ignem
757 319 917 395 accedere,
937 320 1006 398 quia
1031 320 1148 383 nudum
1163 322 1196 385 in

190 419 223 481 se
235 404 387 482 experitur
404 398 543 462 caiorem.
563 402 647 464 Unde
655 403 741 465 docet
752 406 790 465 P.
805 405 941 466 Grunoto
954 423 1022 464 cum
1037 405 1195 486 captane,

107 495 115 505 ‘
191 502 330 564 personas
352 487 569 565 pusillanimes,
590 506 657 565 quse
678 489 718 549 ob
736 489 965 549 immoderatum
982 491 1120 551 timorem
1136 509 1199 550 sace

191 569 375 649 indignitatis
391 573 631 633 communionem
655 573 817 646 omittunt,
838 591 978 651 magnum
1001 593 1054 634 suo
1074 578 1197 654 proprio

191 656 356 733 progressui
374 658 481 717 inferre
496 654 711 734 prejudicium.
727 659 829 735 Neque
842 656 878 716 ad
893 659 1108 736 prosequendus
1122 678 1200 720 eom·

191 740 358 811 muniones,
372 732 691 821 inquitS.Laureot'ius
699 741 902 815 lastinianus,
912 753 1029 819 oportet
1038 780 1047 813 ,
1057 753 1090 804 ut
1099 745 1199 804 anima

190 825 315 900 sentiat,
332 834 384 887 aut
402 824 504 904 aperte
519 828 550 886 in
562 844 592 884 se
609 825 956 904 discernataugmentum
967 828 1110 899 fervoris,
1123 846 1200 906 quo·
1233 862 1236 865 ·

192 908 272 970 niam
295 929 355 971 nou
375 909 444 971 rard
464 908 520 970 hoe
537 921 754 977 sacramentum
776 921 932 988 operatur,
947 912 1104 989 absqueco
1117 912 1201 991 quod

192 1011 246 1054 nos
265 995 319 1073 ipsi
347 997 627 1054 animadvertamus.
642 995 675 1054 S.
693 998 904 1054 Beneventum
930 996 1029 1074 inquit
1046 999 1103 1074 tuo
1122 1000 1200 1058 Pro·

192 1075 270 1157 [ectu
280 1076 418 1159 Reiipioo.
430 1097 457 1139 e.
469 1076 552 1157 78.).·
566 1078 647 1139 Licet
669 1077 781 1160 tepide,
798 1089 896 1139 tamen
919 1078 1067 1160 conlidens
1088 1079 1124 1140 de
1141 1084 1200 1143 mi-

192 1160 351 1224 sericordie
377 1163 434 1225 Dei
453 1161 635 1245 fiducialiter
653 1162 793 1233 accedas,
819 1164 893 1244 quia
911 1164 967 1245 poi
991 1183 1021 1225 se
1041 1164 1200 1246 iodipuum

184 1256 330 1329 reputet,
351 1250 479 1330 cogitet,
503 1248 582 1330 qudd
602 1250 686 1310 taotd
713 1247 809 1330 mopis
830 1257 911 1330 spent
931 1248 1062 1323 verodom,
1086 1254 1201 1332 puorrtd

192 1332 315 1395 senserit
329 1350 360 1394 se
372 1341 515 1415 egrotum
528 1357 538 1393 .·
553 1351 646 1415 oeque
659 1331 723 1394 idcd
744 1331 854 1413 queris
877 1341 904 1393 te
916 1333 1043 1416 jungere
1064 1333 1199 1410 Christo,

192 1424 227 1475 stt
239 1423 273 1476 tu
288 1435 355 1478 eum
368 1417 550 1498 sanctifices,
570 1416 622 1478 sed
643 1426 679 1477 ut
701 1415 892 1496 sanctificert's
912 1418 949 1480 ab
963 1416 1025 1480 etto.
1046 1422 1082 1479 lit
1100 1430 1200 1499 postea

191 1500 293 1560 subdit
319 1523 328 1560 ι
354 1502 456 1584 Neque
471 1499 727 1584 praetermittenda
750 1510 793 1562 est
826 1511 930 1563 saneta
949 1502 1140 1580 soccoronio,
1171 1505 1202 1567 si

191 1584 368 1666 quaudoque
405 1605 467 1648 noo
494 1585 583 1647 scutit
607 1585 695 1648 tomo
723 1582 877 1667 specialem
910 1585 1111 1660 devotionem,
1133 1589 1201 1651 edm

191 1687 222 1731 ee
243 1668 285 1730 ed
311 1666 396 1730 iliam
417 1689 589 1753 preparare
616 1669 751 1746 studeat,
774 1669 819 1733 ael
842 1672 877 1732 in
903 1671 971 1752 ipen
996 1673 1198 1754 perceptione,

190 1751 238 1815 eei
254 1756 323 1836 pdst
341 1754 419 1836 [orti
444 1755 544 1817 mineo
562 1755 699 1817 deuotum
721 1774 752 1817 se
774 1759 880 1832 sentit,
899 1759 988 1836 pedm
1012 1753 1107 1816 cedet.
1121 1758 1199 1837 Ergd

192 1838 268 1902 hene
287 1843 531 1916 sentitSanctus‚
547 1840 626 1918 qued
647 1842 702 1901 etsi
726 1843 822 1901 anime
845 1844 1030 1921 experiretur
1051 1844 1198 1903 minorem

191 1925 378 1986 devotionem
405 1934 470 2003 post
486 1935 650 2005 susceptam
666 1925 875 1986 Eucharistiam
889 1972 897 1997 ,
913 1925 1004 2005 quim
1018 1926 1118 1995 antei,
1141 1944 1198 1987 nee

191 2012 281 2071 etium
308 2010 414 2070 debeat
445 2027 509 2069 esur
533 2011 681 2071 omittere.
707 2010 919 2086 Quapropter,
946 2008 1198 2089 quemadmoddm

191 2093 310 2174 quando
321 2095 417 2154 enimn
433 2095 523 2155 sentit
536 2112 568 2153 se
589 2092 789 2171 maximopere
805 2094 840 2153 ed
857 2095 1095 2154 communionem
1111 2094 1199 2155 incli-

191 2186 313 2251 natam,
337 2178 456 2258 expedit
479 2178 641 2240 identidem
666 2197 731 2239 eam
752 2180 929 2240 mortificare
955 2177 1196 2255 communionem

190 2261 353 2327 differendo
376 2264 550 2342 (presertim
570 2264 592 2323 si
615 2262 803 2333 advertatur,
822 2259 902 2343 qudd
922 2281 976 2343 per
997 2263 1079 2323 ilium
1091 2261 1198 2340 prohi-

192 2349 332 2408 bitionem
344 2347 499 2422 turbetur-3
510 2346 679 2423 hujusmodi
689 2349 768 2408 enim
781 2350 965 2409 contristatio
975 2358 1020 2408 est
1038 2365 1197 2424 argumen-

191 2444 253 2493 tnm
266 2431 432 2511 superbie,
447 2451 513 2510 quae
527 2449 593 2492 eam
607 2431 677 2492 rere
689 2433 787 2492 reddit
799 2432 963 2512 iudignum)
976 2455 985 2508 3
999 2435 1039 2492 ita
1053 2449 1088 2490 ex
1101 2448 1196 2509 oppo-

190 2518 247 2578 sito
264 2517 383 2597 quando
403 2518 492 2575 sentit
511 2517 543 2575 in
564 2535 595 2576 se
618 2516 806 2585 ariditatem,
821 2527 851 2576 et
870 2516 1035 2577 taediumad
1051 2514 1195 2577 Euchari·

191 2603 276 2662 stiam
299 2600 534 2679 suscipiendam,
553 2600 671 2680 expedit
692 2612 763 2661 tnnc
784 2603 865 2661 iiiam
882 2601 987 2680 saepiirs
1007 2599 1044 2660 ed
1059 2617 1196 2661 eommu-

191 2688 310 2748 nionem
324 2685 495 2764 impellere,
515 2683 576 2744 uti
591 2696 774 2746 sacramento
787 2688 864 2746 vires
875 2687 1016 2763 acquirat.
1057 2688 1058 2691 ’

124 2815 128 2822 -
227 2771 380 2832 Outinam
391 2771 398 2826 !
418 2768 580 2840 concludo,
598 2771 616 2830 d
634 2773 749 2830 artinam
766 2780 796 2829 et
818 2771 849 2831 in
873 2770 986 2830 mundo
1003 2769 1103 2847 piures
1127 2770 1195 2832 ani·

190 2874 246 2917 moe
266 2852 435 2934 hujusmodi
459 2854 668 2915 invenirentur
685 2854 799 2936 (quei
825 2856 978 2914 nonnuliis
1000 2853 1077 2914 ultra
1102 2853 1194 2932 qudm

190 2941 328 3001 convenit
337 2937 478 3014 rigiditati
489 2937 611 2997 addictis
624 2983 632 3009 ,
647 2941 858 3010 irreverentes,
869 2949 899 2998 et
912 2938 1073 2998 temerarie,
1085 2955 1196 2997 vocen-

191 3023 271 3100 tur),
290 3040 355 3101 quae
373 3020 443 3081 odio
461 3019 602 3082 habentes
625 3025 715 3083 etiam
739 3025 838 3102 culpes
851 3025 997 3094 leviores,
1021 3021 1196 3098 expeterent

189 3107 426 3174 communicare,
448 3123 511 3165 non
535 3105 623 3167 modo
647 3108 836 3186 frequenter,
857 3108 1017 3168 sedetiam
1039 3105 1192 3182 quotidie,

189 3210 257 3253 cum
276 3208 348 3252 vero
361 3188 507 3275 desiderio
527 3208 558 3250 se
569 3193 746 3266 emendandi
758 3239 766 3264 ,
780 3201 812 3252 et
836 3194 868 3252 in
883 3188 985 3251 divino
1001 3207 1103 3250 amore
1121 3208 1194 3268 pro·

189 3275 306 3337 ticiendi
330 3295 339 3334 ε
362 3275 386 3334 si
409 3275 491 3334 enim
514 3272 571 3334 hoe
595 3286 692 3349 esset,
715 3278 802 3355 longe
822 3277 888 3356 plus
907 3278 938 3336 in
967 3274 1080 3335 mundo
1107 3274 1195 3334 iesus

189 3358 321 3423 Christus
343 3358 526 3438 diligeretur.
544 3359 623 3421 Bene
645 3365 825 3441 experientia
845 3361 1028 3420 demonstrat
1054 3359 1196 3419 omnibus

188 3441 234 3502 his
247 3442 298 3521 qui
316 3443 540 3521 dirigendarum
558 3444 723 3506 animarum
740 3464 849 3513 munus
864 3453 1021 3517 exerceat,
1041 3452 1075 3502 ut
1091 3451 1122 3502 et
1135 3460 1193 3521 ego

188 3534 325 3600 expertus
345 3543 411 3586 sum
423 3527 536 3597 ,valde
552 3529 671 3606 quidem
694 3531 837 3609 proficere
862 3546 1000 3607 personas
1021 3527 1107 3599 illas,
1123 3542 1194 3603 quse

188 3612 269 3665 recto
283 3622 353 3668 cum
371 3607 517 3697 desiderio
535 3610 573 3672 ad
599 3615 839 3677 communionem
858 3614 1021 3690 aecedout3
1037 3618 1067 3671 et
1087 3610 1193 3671 Domi·
