2642 4167
401 139 407 253 Α,
433 168 482 231 Ea
500 165 633 249 operibus
645 144 796 228 Benedicti
807 166 896 231 XIV.
1048 232 1057 253 ,
1111 176 1169 235 987

110 327 119 337 .
162 292 215 353 prr
233 277 472 351 procuratorem,
492 278 527 329 ut
541 288 577 328 ex
594 268 712 328 decreto
726 268 755 328 S.
770 271 801 331 C.
817 269 891 332 ibid.
906 290 937 334 n.
951 272 988 344 5,
1002 274 1080 350 quod
1094 273 1167 338 aded
1192 278 1202 293 ⁶

160 368 266 417 torum
285 364 345 428 cst,
364 362 398 415 ut
418 353 442 413 si
465 353 531 431 quis
549 350 649 412 Romae
674 354 802 413 existens
820 354 983 416 obtinuerit
1001 357 1167 420 facultatem

159 440 367 519 professionem
379 436 454 498 banc
468 436 622 497 emittendi
644 454 742 498 coram
759 437 1052 515 CardinaliVicario,
1068 451 1167 504 lenea-

158 532 209 585 tur
224 525 305 585 illam
324 531 458 602 repetere
481 539 579 582 coram
595 520 751 582 Ordinario
771 524 860 585 simul
879 525 959 585 acin
980 527 1079 588 locum
1099 530 1167 590 resi·

158 606 1164 687 dentioeperveue'rit,utineddemfacultateexprimisolet.lbid.n.5.

198 692 335 753 Canonici
353 701 382 752 et
402 690 568 769 beneficiati
588 699 729 750 tenentur
749 710 783 751 ex
799 690 868 768 jure
882 694 1076 754 ecclesiastico
1095 698 1165 757 reci·

158 789 220 839 tare
232 776 361 835 cilicium
376 775 511 835 divinum
525 791 595 833 cum
609 791 644 834 eo
663 773 834 834 discrimino
846 819 854 846 ,
868 785 902 835 ut
921 776 1086 837 beneficiati
1104 774 1166 841 ubi·

157 880 216 940 que
233 860 366 919 locorum
386 859 498 938 possint
516 856 586 917 huic
608 858 725 917 muneri
744 859 925 936 satisfacere;
939 862 1077 922 canonici
1092 863 1164 925 vat

156 944 390 1016 cathedralium,
413 944 461 1004 vel
482 943 702 1020 collegiatarum
722 953 860 1024 prestare
879 945 911 1005 id
932 945 963 1006 in
981 945 1072 1008 choro
1087 958 1165 1010 tenc

157 1039 257 1092 antur.
273 1030 368 1088 instit.
385 1029 490 1088 Eccles.
506 1028 573 1088 107.
588 1047 620 1087 n.
634 1028 666 1087 7.

194 1114 330 1175 Canonici
342 1120 482 1173 tenentur
497 1115 620 1172 recitare
644 1111 778 1174 divinam
794 1115 987 1193 psalmodiam
1004 1119 1036 1177 in
1050 1118 1161 1193 ebeno,

156 1199 348 1277 adjungentes
363 1215 426 1259 sese
445 1197 543 1258 eidem
557 1196 647 1257 choro
662 1241 670 1267 ,
686 1216 740 1257 noc
761 1192 880 1259 suffici(
890 1201 914 1260 oi
940 1200 1057 1264 tantiam
1079 1207 1164 1265 assis·

156 1294 221 1359 tant
234 1329 243 1355 ,
255 1284 387 1361 alioquin
404 1301 464 1344 non
478 1283 589 1342 faciunt
607 1283 720 1342 fructus
735 1301 823 1357 suos,
839 1285 896 1346 nisi
917 1296 1016 1347 tamen
1035 1290 1163 1352 adfuerit

157 1368 343 1448 privilegium
357 1368 561 1446 Apostolicum
580 1385 640 1427 non
654 1376 888 1445 presumptum,
903 1388 958 1431 nec
976 1372 1160 1452 abrogatum.

155 1457 200 1515 lta
214 1455 246 1512 in
258 1453 408 1530 Encyclicd
419 1453 456 1511 ad
470 1452 626 1530 Episcopos
637 1452 728 1511 ltaliae
740 1496 754 1525 ,
765 1455 838 1513 Cum
852 1470 975 1535 semper.

168 1606 171 1610 ,
192 1535 357 1598 Necsoliun
371 1545 512 1597 tenentur
525 1537 680 1611 assistere,
691 1536 742 1597 sed
758 1538 847 1596 etiam
857 1539 915 1598 altu
931 1558 1002 1599 voce
1018 1541 1159 1608 recitare,

152 1632 183 1686 ct
199 1623 340 1685 associare
356 1631 475 1684 cantum
490 1623 637 1682 Horarum
651 1622 880 1693 canonicarum,
904 1624 985 1683 natta
998 1626 1029 1683 in
1045 1633 1163 1685 contra-

151 1709 234 1769 rium
249 1707 383 1768 obstante
406 1705 636 1776 consuetudine,
657 1713 692 1764 ut
711 1722 747 1765 ex
768 1705 1003 1783 dispositiones.
1028 1710 1061 1769 C.
1076 1711 1159 1771 frid.

53 1844 59 1853 ,
148 1810 220 1852 sess.
236 1793 286 1852 71.
298 1810 323 1852 c.
347 1794 395 1852 if.
415 1791 453 1850 de
465 1789 586 1850 reform.
607 1789 765 1849 evincitur.
781 1790 853 1848 lnst.
877 1791 954 1849 Eccl.
970 1792 1038 1852 107.
1063 1811 1094 1853 ιι.
1111 1798 1159 1858 16.

149 1876 264 1936 Idcirco
281 1885 418 1936 tenentur
434 1874 565 1935 canonici
578 1918 589 1945 ,
600 1884 630 1935 et
654 1874 704 1933 alii
718 1872 827 1943 addicti
844 1871 934 1935 choro
958 1885 1077 1937 canttma
1093 1898 1160 1958 grc-

148 1961 307 2037 gorianum
321 1960 490 2031 addiscere,
510 1969 545 2018 ut
567 1959 600 2017 in
617 1959 687 2020 folio
711 1957 843 2019 exhibito
856 1961 887 2021 S.
903 1962 1010 2039 Congr.
1028 1963 1059 2022 in
1074 1966 1160 2026 causti

148 2046 274 2104 bluranai
286 2046 489 2104 blansionariaa
500 2044 548 2103 die
560 2044 765 2104 leovembr.
781 2045 869 2116 atat,
886 2043 1067 2109 tsecrctario
1081 2047 1160 2127 ejus·

148 2127 221 2189 dena
234 2129 469 2208 congregationis
487 2129 717 2189 demonstratur.
731 2130 829 2189 instit.
843 2130 950 2190 Eccles.
965 2134 1031 2193 107.
1043 2153 1075 2193 n.
1090 2137 1139 2196 16.

188 2215 227 2272 ln
239 2214 412 2273 Tridentino
433 2215 554 2291 quidem
572 2213 738 2290 injunctum
752 2223 810 2290 est,
826 2223 860 2274 ut
872 2234 974 2275 omnes
982 2217 1097 2279 Divina
1107 2237 1161 2298 per

146 2316 178 2360 sc
191 2341 202 2369 ,
214 2305 243 2356 et
256 2316 317 2357 aaa
339 2315 393 2379 per
410 2296 582 2359 substitutos
599 2296 812 2379 compellantur
824 2297 902 2359 obire
920 2297 1036 2380 officia,
1053 2303 1104 2361 sed
1124 2313 1159 2364 ut
1208 2322 1212 2327 “

146 2383 265 2444 censuit
278 2383 308 2442 S.
320 2383 366 2453 C„
379 2391 496 2442 nonest
511 2384 625 2442 sublata
639 2384 849 2460 capitularibus
865 2384 985 2443 facultas
998 2402 1057 2444 sese
1080 2384 1158 2446 istoi-

112 2539 115 2547 γ
145 2483 212 2527 cun
245 2460 470 2537 subatiutendi,
509 2464 666 2526 duaamodo
702 2464 881 2526 substituens
917 2475 946 2526 et
983 2464 1158 2531 substitutus

109 2564 114 2575 “
145 2548 244 2610 eidem
259 2549 376 2611 seruitio
395 2547 538 2630 adscripti
558 2568 619 2609 nora
640 2548 712 2610 siut.
734 2549 904 2608 Cavendum
935 2558 979 2609 est
1003 2559 1158 2613 tamenne

146 2632 241 2692 nianis
264 2634 432 2711 frequentes
453 2635 513 2692 sint
536 2635 597 2692 istae
619 2632 852 2691 substitutiones.
873 2634 940 2691 Non
965 2643 1088 2711 possunt
1113 2638 1156 2697 uti

146 2715 208 2775 hac
226 2715 362 2777 facultate
380 2717 422 2776 illi
438 2718 570 2778 canonici
596 2716 646 2793 qui
667 2723 748 2774 extra
767 2716 935 2787 civitatem,
952 2718 999 2776 rel
1017 2718 1156 2779 suburbia

145 2802 323 2861 consistunt.
335 2802 394 2861 Nec
413 2803 447 2861 ed
471 2802 513 2860 uti
531 2809 627 2880 potest
648 2800 705 2860 nisi
730 2800 908 2870 canonieus,
928 2801 976 2861 uel
990 2802 1156 2862 mansiona-

145 2885 232 2954 rius,
252 2901 311 2943 non
327 2884 399 2946 verb
420 2884 604 2963 coadjutores
626 2902 752 2959 corum,
771 2893 807 2945 ut
819 2902 856 2955 ex
870 2884 1006 2963 pluribus
1031 2886 1155 2949 decretis

145 2970 178 3028 S.
195 2969 304 3047 congr.
317 2968 391 3029 ibid.
405 2988 435 3029 n.
450 2971 498 3030 17.
508 2968 556 3031 18.
1123 2992 1125 2997 ·

187 3053 222 3111 Si
244 3050 350 3113 chorus
373 3053 505 3115 Ecclesia
529 3053 671 3116 efficiatur
688 3054 914 3130 incommodus,
930 3055 1002 3136 puta
1027 3055 1154 3136 hyemali

146 3147 308 3217 tempore,
335 3144 434 3217 potest
457 3140 586 3218 adaptari
612 3141 709 3202 eidem
731 3142 848 3202 muneri
872 3140 1040 3220 praestando
1060 3143 1155 3223 aliqua

146 3225 260 3304 capella
281 3221 412 3301 ejusdcm
435 3227 586 3302 Ecclesiae,
605 3235 639 3287 ut
668 3245 704 3287 ex
722 3226 839 3286 decreto
863 3228 894 3286 S.
909 3230 942 3288 C.
957 3227 1001 3287 lb.
1025 3227 1118 3307 mlii.

188 3311 225 3367 ln
239 3309 343 3368 ordine
353 3309 389 3369 ad
400 3311 601 3372 recitationem
613 3314 760 3373 Horarum
772 3312 927 3391 prefertur
942 3313 991 3371 illa
1000 3313 1155 3387 sententia,

147 3411 219 3471 quae
236 3391 321 3452 docet
330 3436 341 3469 ,
354 3411 420 3466 eos,
435 3397 486 3471 qui
499 3394 580 3456 horis
599 3396 761 3456 admiscent
770 3396 871 3473 jocos,
887 3397 982 3469 risus,
995 3405 1025 3457 et
1040 3396 1157 3459 aarum·
1217 3394 1220 3403 ’

148 3492 223 3552 nos,
237 3485 265 3537 et
278 3484 399 3550 caetcra,
416 3487 447 3538 et
458 3480 705 3541 confabulationes
717 3480 748 3538 in
762 3478 873 3554 choro,
890 3499 959 3543 ¹reos
972 3499 1033 3543 esse
1047 3483 1155 3563 peccati

150 3560 266 3639 grauis,
283 3568 313 3623 ct
325 3560 362 3624 ad
373 3564 590 3628 mutationem
598 3563 704 3631 teneri.
717 3563 761 3627 tt.
774 3581 858 3629 num.
873 3565 921 3627 25.
