2642 4167
394 231 444 289 Ex
458 225 591 308 operibus
602 226 753 288 Benedicti
767 229 857 290 XIV.
1092 231 1149 290 ato

143 331 219 395 sicut
232 332 327 392 prater
339 328 497 390 christiana
509 330 662 408 postulans·
670 329 847 407 baptismam
859 347 913 409 pro
933 328 996 390 filio
1011 331 1149 408 praevalet

144 419 220 498 patri
241 415 352 476 infideli
371 417 541 475 reclamanti
560 436 568 473 ε
590 415 658 475 etsi
683 414 754 491 quid
770 414 851 473 dubii
864 432 1013 490 superesse
1034 415 1148 492 possit,

143 504 174 562 in
191 502 282 561 dubio
298 500 456 559 favendum
481 508 525 559 est
549 499 699 577 religioni.
724 500 805 557 Hanc
828 499 982 576 epistolam
1005 496 1095 558 habes
1117 500 1148 560 in

144 586 274 647 Bullario
294 582 445 644 Benedicti
463 585 554 647 XIV.

181 671 322 748 Baptizari
350 670 483 729 infideles
513 671 614 730 invitis
633 669 805 748 parentibus
825 669 872 728 vel
898 667 1045 729 tutoribus
1070 669 1150 731 licite

144 774 204 817 ηοη
224 763 365 833 possunt,
387 755 442 813 nisi
464 752 590 814 infantes
613 754 722 813 fuerint
746 755 776 813 in
801 753 904 813 mortis
924 761 1078 828 extremo,
1102 755 1149 814 vel

143 842 268 919 expositi
287 837 436 916 tamquam
453 839 469 898 'a
489 833 658 916 pareatibus
679 839 822 898 derelicti.
845 840 874 897 Si
895 837 966 898 verb
986 840 1150 916 expositum

144 927 210 1004 quis
224 924 430 1003 baptizandum
442 925 654 1001 assumpserit,
677 926 771 1001 potest
794 924 1003 993 iililavaerum
1025 925 1151 984 satutare

146 1009 292 1087 impertiri
307 1051 316 1081 ,
338 1009 426 1067 etiam
444 1010 608 1086 synagogai,
624 1009 668 1066 vei
690 1009 859 1085 parentibus
870 1009 1107 1068 reclamantibus.
1121 1009 1151 1068 Si

143 1093 216 1154 verb
240 1101 323 1171 pater
351 1091 478 1151 infidelis
500 1091 604 1153 otierat
629 1092 770 1153 infantem
793 1111 903 1165 suum,
921 1092 989 1151 dein
1016 1093 1081 1152 iacti
1105 1092 1151 1152 sui

146 1179 301 1256 proeniteat,
321 1184 351 1236 et
369 1177 445 1234 nolit
462 1177 625 1253 baptizari,
647 1187 718 1235 ωηο
737 1196 813 1254 puer
833 1185 901 1236 ante
921 1195 1008 1237 usam
1029 1178 1152 1237 rationis

144 1274 189 1323 cst
210 1261 424 1339 baptizandus3
446 1261 497 1336 qai
520 1259 591 1321 verb
610 1260 656 1320 sui
676 1272 824 1339 compotes
845 1269 914 1321 sunt
925 1307 935 1339 ‚
951 1263 983 1322 in
1002 1261 1090 1322 domo
1103 1278 1151 1321 ea·

144 1345 389 1407 teebumcnerum
406 1344 579 1421 explorandi
598 1353 690 1415 sunt,
711 1347 737 1404 si
752 1346 853 1406 velint.

184 1429 315 1488 Tandem
335 1428 358 1487 si
375 1429 426 1505 qui
443 1429 528 1505 pueri
546 1430 684 1506 baptizati
710 1438 780 1489 sunt
801 1432 889 1491 etiam
914 1429 1085 1509 parentibus
1106 1429 1154 1488 in·

145 1513 235 1583 ritis,
255 1521 324 1571 tunc
345 1512 395 1572 ilie
406 1514 457 1589 qui
471 1513 647 1590 baptizavit,
669 1515 799 1592 peccavit
819 1516 966 1592 graviter,
989 1514 1041 1573 sed
1063 1512 1154 1590 bapti·

146 1605 229 1656 zatus
252 1597 367 1667 restitui
393 1598 564 1674 parentibus
588 1616 649 1656 non
680 1598 791 1672 debct;
812 1609 842 1656 at
869 1615 958 1676 penes
981 1596 1154 1656 christianos

145 1680 275 1741 educari.
297 1679 388 1741 Porrd
406 1682 436 1739 in
458 1699 493 1740 eo
514 1699 581 1740 casu
605 1682 768 1759 baptismus
787 1682 834 1740 vet
850 1682 938 1739 unico
958 1689 1030 1740 teste
1048 1680 1154 1739 idoneo

146 1765 309 1844 probatur,
334 1767 447 1825 etiamsi
467 1766 587 1825 faemina
606 1766 664 1840 sit,
684 1766 731 1824 vel
752 1766 866 1824 etiamsi
889 1765 926 1823 sit
942 1765 1013 1833 itte,
1030 1764 1082 1842 qui
1103 1763 1155 1824 ba·

147 1849 290 1926 ptismum
309 1850 510 1922 eontulit‚.,ia
523 1867 582 1927 quo
599 1868 667 1909 casu
686 1867 760 1928 puer
779 1867 834 1910 nec
853 1849 908 1910 sub
921 1850 1090 1911 conditione
1107 1864 1155 1909 re-

148 1934 339 2011 baptizandus
352 1944 405 1995 est.

185 2021 254 2080 liaeo
273 2021 310 2080 dc
329 2022 429 2098 pueris
447 2028 515 2081 ante
533 2038 618 2081 usum
640 2021 785 2098 rationis3
803 2021 854 2100 qui
873 2021 945 2083 verb
968 2022 1091 2082 rationis
1108 2038 1156 2081 ea·

69 2178 72 2184 ι
149 2123 233 2182 paces
256 2114 342 2178 suat,
359 2103 486 2166 utisuut
507 2108 704 2166 communiter
726 2119 792 2186 post
811 2109 970 2186 septimum
994 2108 1087 2167 aetatis
1103 2124 1156 2165 an·

150 2209 242 2261 raum,
258 2191 282 2249 si
301 2196 361 2250 'sese
374 2189 478 2269 sponte
498 2191 660 2252 obtulerint
680 2193 843 2270 baptismo,
861 2201 981 2271 possunt
994 2192 1156 2270 baptizari3
1256 2244 1263 2252 ,

149 2276 230 2352 quod
248 2293 352 2336 rerum
368 2284 431 2344 est,
447 2275 560 2334 etiarnsi
582 2295 641 2337 non
665 2277 746 2337 certia
769 2288 906 2354 constet,
926 2278 977 2337 sed
1003 2276 1157 2336 dubitetur

149 2360 186 2418 de
205 2360 363 2436 capacitate
384 2361 506 2419 rationis
519 2368 585 2437 pest
600 2362 798 2438 septennium.
813 2363 842 2420 Si
861 2361 931 2422 verb
950 2361 1006 2420 boe
1031 2359 1172 2418 dubium*

150 2443 295 2521 premedct
316 2444 522 2520 septennium,
540 2444 611 2502 tunc
627 2446 715 2515 debet
735 2463 810 2520 puer
831 2447 954 2505 retineri
978 2444 1057 2522 apud
1079 2442 1158 2501 ebri-

150 2528 258 2588 stianos
271 2546 431 2605 ‚suspenso
443 2528 562 2587 interim
581 2527 743 2605 baptismo,
764 2527 953 2604 quoadusque
971 2534 1069 2585 certus
1088 2544 1158 2584 usus

150 2613 273 2673 rationis
286 2614 483 2691 superveniat.

188 2696 218 2756 Si
238 2697 331 2756 adutti
348 2697 393 2755 ilii
413 2703 531 2755 careant
551 2694 715 2755 intentione
737 2692 896 2771 reeipiendi
913 2694 1070 2772 baptismi,
1085 2695 1158 2757 adei)

150 2788 184 2843 ut
205 2781 288 2841 illam
309 2799 363 2841 nec
385 2782 447 2858 ipso
470 2786 560 2855 actu,
585 2798 639 2839 nee
657 2777 741 2838 anteit
762 2777 938 2851 habuerint,
965 2787 1037 2837 ωηο
1055 2780 1160 2858 baptis·

150 2883 229 2927 mus
235 2875 280 2924 est
292 2865 448 2925 invalidus
461 2859 583 2924 validus
601 2873 700 2923 autem
711 2872 776 2930 est
795 2862 818 2920 si
833 2863 917 2924 anteit
934 2864 1023 2922 inerit
1039 2863 1158 2934 habita,
1172 2881 1175 2887 ’

150 2956 180 3007 ct
200 2966 364 3045 numquam
387 2948 508 3008 interim
529 2942 694 3011 retraetata.
722 2946 807 3021 Qubd
828 2948 852 3006 si
876 2956 979 3009 neutra
1001 2948 1092 3007 suerit
1106 2965 1158 3007 vo·

149 3031 274 3092 luntas
266 3051 297 3091 ιη
317 3033 514 3110 suscipiente,
528 3041 599 3092 tuac
618 3033 649 3091 ia
673 3050 736 3090 eam
758 3033 933 3092 sententiam
956 3030 1157 3093 inclinandum

149 3124 216 3182 cst,
236 3134 303 3192 qun
324 3114 451 3176 invalide
467 3114 645 3192 baptizatum
658 3118 843 3193 pronuntiat
1193 3116 1203 3221 qs

187 3199 218 3258 Si
232 3208 299 3275 post
320 3198 499 3276 baptismum
518 3199 644 3276 affirmet
662 3198 851 3277 neophytas,
867 3217 899 3258 se
917 3200 1043 3259 caruisse
1062 3200 1159 3261 inten-

150 3283 233 3340 tione
253 3282 432 3355 sufficienti,
455 3300 510 3342 aee
529 3282 632 3343 afferat
651 3283 721 3342 dieti
745 3283 789 3341 sui
810 3282 929 3343 idoneas
952 3284 1177 3361 probationes,

150 3365 324 3425 retinendus
342 3376 406 3439 cst,
426 3376 455 3427 et
470 3365 567 3426 denuit
589 3366 745 3444 tingendus
759 3365 813 3423 sub
833 3366 1010 3426 conditione.
1025 3368 1161 3430 Vicissim

150 3449 173 3505 si
195 3449 261 3508 illas
283 3449 409 3519 aiierat,
431 3461 576 3529 negetque
599 3448 708 3509 iterim]
731 3449 868 3526 baptizari
894 3467 924 3508 se
943 3452 1035 3523 velle,
1058 3455 1162 3513 remit-

153 3532 259 3592 tcadas
281 3543 335 3592 est.
352 3536 420 3595 Haec
441 3536 538 3595 omnia
563 3533 622 3594 late
639 3535 769 3612 disputat
783 3534 915 3595 Pontifex
935 3535 967 3595 in
984 3537 1161 3616 epistotam

153 3618 399 3696 aremarensem,
416 3621 567 3683 Postremo
584 3620 695 3681 dictaeo.
731 3660 733 3664 -
978 3650 981 3657 ,
