2642 4167
170 242 228 306 ete
357 238 492 320 Epitoitre
507 236 646 301 decadae
658 231 781 297 maurella
795 242 820 295 et
831 250 976 297 adamatae

203 341 239 401 lu
258 336 526 418 dispensationibus
550 354 605 415 pro
629 335 850 413 impedimentis
869 333 1052 395 matrimonii
1083 352 1180 414 super

165 421 307 502 gradibus
326 422 427 483 aetitia
439 420 650 499 impetrandis,
673 421 697 479 si
717 428 848 479 taceatur
860 416 963 496 capula
977 418 1174 492 antecedens,

164 508 239 569 eieut
252 505 288 584 (ei
304 505 442 583 adiuerit)
460 505 587 569 intentio
606 501 720 565 iaciliira
733 503 902 563 obtinenda
925 501 1172 580 dispensationis,

164 590 340 668 rescriptam
355 589 497 660 vitietur,
515 597 550 649 ut
570 589 636 648 ill).
651 586 748 648 instit.
764 587 871 646 Eealca.
885 586 934 646 8⁷.
948 604 981 645 n.
996 587 1045 646 ld.
1057 587 1175 646 lncan-

164 673 267 737 uacus
285 682 383 735 tumen
399 673 615 738 matrimnniis,
629 673 652 732 ai
671 671 727 731 hnc
745 672 853 731 vitium
864 670 1020 732 voecultum
1036 688 1175 750 peraeae·

164 766 214 819 ret
226 800 235 824 .
248 756 399 834 diepensat
409 755 641 817 Pmnitentiarin.
653 755 697 814 lb.
709 773 739 815 n.
755 756 803 813 ld.

203 841 337 903 clausula
350 841 400 902 illa
414 841 446 901 in
457 838 723 918 dispomationilrua
735 839 1017 915 matrimonialibus,
1029 837 1176 901 aleluia

165 931 194 985 et
203 922 382 1001 diapeaeutio
396 927 430 985 ιἰι
441 922 508 1003 soro
517 922 682 1003 petiviano
703 918 875 982 nulleteaaia
886 923 1090 1003 rumpetur,
1108 944 1175 985 eam

166 1008 227 1067 aim
250 1005 357 1079 hahet,
382 1016 417 1069 ut
437 1008 460 1067 si
478 1007 724 1085 impedimentum
742 1024 778 1065 ea
795 1008 911 1066 occulte
924 1008 978 1066 lint
999 1008 1172 1086 publicum,

166 1091 593 1169 poeaitOtdineriuscnnjngae
612 1089 781 1168 separated
801 1100 879 1150 toro.
892 1091 923 1151 Si
942 1099 1041 1153 tamen
1060 1093 1105 1161 illi
1125 1112 1175 1153 ne-

166 1174 319 1237 cnlteaiue
335 1176 471 1238 mudule
484 1176 618 1237 debitam
641 1177 773 1237 invicem
788 1175 935 1252 aeddaut,
950 1192 1011 1237 ann
1030 1188 1172 1257 peceant,

167 1259 207 1318 ita
218 1261 364 1323 sentiente
382 1263 498 1321 Neam.
514 1261 558 1321 lb.
569 1280 602 1319 ιι.
616 1263 665 1320 eu.
943 1286 948 1293 ·

162 1398 166 1405 .
204 1342 235 1403 Si
250 1345 426 1407 ordinarius
436 1346 618 1406 aulaealeraue
630 1344 878 1422 impedimentum
887 1347 959 1406 eclit
970 1348 1128 1424 prunedum
1141 1354 1174 1412 in

166 1428 487 1507 cognitionemdelieti,
503 1429 533 1489 id
548 1438 642 1506 petest
654 1472 662 1496 ,
674 1428 735 1489 imd
748 1428 834 1489 debet
847 1431 960 1502 iacere,
977 1433 1092 1491 ammei
1105 1453 1174 1495 rcus

165 1520 344 1590 protestetur
353 1514 393 1575 de
402 1515 522 1573 obtenti
535 1514 760 1591 dispensatione.
775 1514 804 1571 Si
818 1513 890 1573 vend
899 1517 1076 1576 certioretur
1090 1518 1124 1578 ed
1134 1520 1174 1579 dc

165 1612 199 1655 ee
215 1592 252 1655 ab
273 1598 372 1674 aliquo
383 1597 441 1657 lide
457 1598 568 1675 dignu,
588 1595 648 1656 uti
664 1597 862 1666 aorrlessario,
884 1615 935 1655 seu
951 1598 1099 1674 panuclae,
1119 1606 1177 1680 qui-

165 1689 289 1756 pnasant
306 1681 336 1741 id
363 1682 439 1741 clam
464 1682 610 1742 rastitloari
627 1681 791 1758 Episcopo,
813 1689 883 1739 tunc
904 1680 992 1740 debet
1012 1682 1173 1763 Episcopus

165 1765 366 1840 acquiescere,
388 1783 442 1825 nee
460 1765 548 1825 debet
562 1764 598 1823 ad
620 1764 759 1824 delictum
787 1764 972 1842 puniendum
992 1768 1172 1844 precedere,
1224 1840 1226 1843 ¹

166 1854 202 1905 ut
213 1864 248 1905 ex
261 1849 403 1908 Clerimto
416 1859 517 1909 munet
529 1849 648 1908 Auctor.
665 1849 708 1909 lla.
722 1866 753 1907 n.
763 1850 811 1908 tte.

205 1930 354 1993 Postrema
368 1933 495 1993 clausula
518 1932 557 1991 nic
568 1933 761 1991 enuntiatur:
779 1931 868 1992 Dictat
891 1928 1012 1993 mahar
1029 1932 1069 1993 ale
1080 1934 1176 1997 nulli-

166 2017 516 2095 properaremus
533 2016 707 2090 oratiorum,
722 2014 773 2076 aad
786 2015 831 2076 ita
846 2017 946 2085 ceute,
958 2024 1011 2077 cin.
1028 2019 1178 2095 Rejicitun

166 2100 310 2167 sententia
322 2101 508 2177 opinantium
519 2098 594 2163 liano
606 2118 667 2163 noa
681 2116 742 2159 esee
754 2100 974 2176 conditionem
991 2100 1043 2163 aed
1057 2113 1173 2165 utaen-

167 2183 305 2243 fossarius
331 2185 513 2255 instruatur,
535 2200 594 2260 quo
614 2183 723 2245 certior
742 2186 782 2245 sit
802 2193 989 2259 contrectent
1010 2204 1044 2245 ac
1069 2198 1172 2249 reram

168 2284 233 2327 esee
249 2268 447 2331 conditionem
467 2286 504 2329 ex
526 2263 655 2329 adlatiua
675 2264 808 2335 elaeluto
821 2312 830 2339 ‚
844 2287 903 2345 quo
919 2269 1113 2344 enuntiatur,
1136 2283 1178 2335 ut

165 2358 209 2415 est
218 2351 393 2415 luriatarum
410 2351 770 2417 sensasmnnnnstramr.
785 2352 883 2413 instit.
895 2352 1003 2417 unctes.
1011 2354 1064 2415 87.
1077 2357 1176 2417 meu,

204 2436 442 2497 Neeadmittitur
456 2437 600 2507 sententia
619 2453 768 2507 asserens,
787 2436 905 2513 quando
925 2436 989 2497 lieri
1008 2443 1176 2516 nnnpoasit

167 2520 310 2583 revelatio
324 2520 528 2597 impedimenti
543 2563 552 2590 ,
566 2519 717 2587 sufficere,
734 2528 768 2579 ut
780 2537 847 2598 pars
863 2519 935 2581 illud
951 2522 1048 2585 selene
1065 2520 1176 2584 habeat

166 2607 303 2685 copulam
322 2624 390 2666 eum
415 2616 498 2683 parte
520 2606 675 2682 ignorante
694 2603 799 2666 aecem
823 2604 976 2678 maritali,
1000 2604 1069 2671 erim
1088 2608 1177 2685 prior·¹

164 2707 322 2753 censensus
339 2690 431 2767 partis
443 2689 541 2747 insciae
557 2688 773 2757 luoritnullus,
791 2688 925 2767 adeoque
939 2707 977 2753 ex.
995 2700 1078 2767 parte
1090 2692 1176 2754 illius

167 2776 266 2836 nullus
289 2775 352 2846 sit,
373 2773 453 2833 unde
480 2772 567 2831 debet
585 2774 731 2832 innovari.
746 2773 880 2834 Aliorum
897 2777 1043 2843 sententia
1062 2778 1176 2853 pariter.

166 2857 272 2935 rejecta
285 2867 345 2939 est,
365 2874 470 2923 aarum
492 2874 618 2935 nempe,
631 2858 682 2934 qni
704 2857 852 2927 suadeat,
879 2867 913 2918 ut
934 2860 1029 2925 eciem
1046 2860 1175 2937 impedi.
1289 2885 1291 2891 ι

164 2953 299 3009 mentum
320 2950 464 3020 proponat
476 2941 579 3009 alteri,
596 2957 627 3001 se
646 2941 720 3003 aded
735 2942 814 3005 illam
834 2952 976 3003 amarent
990 2942 1176 3007 denitunam

165 3027 215 3090 illd
236 3027 307 3087 velit
330 3026 435 3103 ligari,
456 3026 481 3087 ai
500 3025 575 3083 alter
598 3025 774 3101 respondeat
793 3025 991 3099 affirmative,
1014 3045 1176 3093 consensus
1288 3050 1290 3101 j

165 3120 301 3177 censetur
313 3111 478 3171 innovatam.
493 3110 560 3175 llaee
573 3117 673 3175 tamea
685 3109 786 3187 opinio
799 3109 951 3185 rejiciam,
963 3110 1002 3175 ce
1017 3109 1177 3188 quddcon·
1288 3174 1289 3179 ,

165 3213 266 3259 seusus
285 3193 432 3272 praestitam
457 3191 473 3251 i
496 3200 579 3270 parte
597 3192 691 3259 inscia
712 3193 752 3259 ait
776 3211 934 3257 consensus
951 3194 1075 3270 junctus
1103 3214 1177 3259 oum

165 3296 284 3351 errare,
299 3293 392 3356 quare
405 3295 465 3341 uari
480 3276 660 3354 adimpletur
678 3277 826 3349 conditio,
840 3277 920 3341 dietat
932 3275 1057 3341 muliera
1071 3278 1176 3341 atatim
1287 3292 1289 3313 ³

142 3488 145 3494 .
165 3367 363 3509 ιωιῗιιιῐιιιιιι
381 3445 492 3507 nataris
511 3452 614 3522 quarta
633 3445 709 3504 ratio
727 3446 882 3509 certiorem
895 3429 1038 3513 reddendi
1056 3434 1176 3524 partem

165 3526 315 3598 ignaram,
333 3534 363 3585 et
376 3535 447 3585 tune
466 3526 518 3597 tit,
538 3525 607 3589 calar
631 3528 709 3605 parti
730 3528 840 3604 igneae
862 3529 991 3599 dicitur,
1017 3529 1050 3590 in
1075 3529 1175 3605 priori

146 3667 152 3673 ,
166 3603 356 3665 rnatrimonio
369 3605 494 3675 doluisse
505 3625 680 3677 eonsensum
690 3611 823 3679 validum
836 3633 845 3687 3
856 3611 988 3699 ndedque
1001 3629 1088 3680 uuae
1100 3626 1175 3674 con-
