2642 4167
140 264 198 324 tat
345 308 347 313 .
427 249 735 333 Praaiacouseatarii.
750 253 862 335 Capi.

130 360 209 439 ,p‘uit
225 356 404 428 cantianus,
423 355 542 417 excedat
555 354 586 415 in
596 354 788 432 denegando,
803 351 933 431 quiamin
950 353 1152 417 concedendo.

143 442 294 522 Proecipud
313 449 395 502 curet
414 440 537 502 suaddre
558 438 817 499 mortificationem
839 446 991 498 externam
1008 440 1083 500 circa
1096 459 1153 520 gu·

143 529 221 596 lam,
244 526 328 605 cujus
349 525 483 605 quaedam
505 525 612 585 animae
628 525 796 603 spirituales
815 543 876 585 non
899 523 1060 586 admodim
1081 535 1156 588 sunt

143 623 295 675 amantes:
316 610 379 671 huc
396 609 498 671 revera
515 619 560 670 est
581 612 716 671 omnium
734 609 888 669 durissima
900 655 908 675 ,
922 611 974 670 sed
995 611 1154 671 utilissima

144 698 261 778 spiritui
274 741 283 762 .
298 706 327 757 et
338 693 413 772 sapt
428 695 516 755 ctiam
526 694 666 771 corpori:
682 693 797 754 dicebat
809 695 841 753 S.
851 691 1012 774 Philippus
1023 694 1153 757 Nerius:

146 781 208 857 Qut
225 800 286 842 nou
304 787 411 842 coircet
422 776 543 860 pulum,
560 795 716 858 nunquam
727 777 876 860 perveniet
885 779 925 839 ad
935 777 1153 859 perfectionem.

145 868 167 926 E
182 868 329 928 contrarib
342 866 380 925 sit
392 884 495 942 parcus
506 866 536 924 in
547 865 739 925 concedendis
754 864 1032 924 mortificationibus
1043 864 1152 941 somni,

145 951 285 1029 quoniam
304 949 350 1010 bae
372 948 456 1009 sacili
479 958 543 1008 tum
567 951 722 1026 corporis,
745 959 809 1008 tum
832 948 954 1027 spiritis
974 949 1059 1008 saluti
1083 958 1154 1009 sunt

145 1036 279 1109 nocivae;
295 1034 410 1094 sublato
432 1035 514 1093 anim
540 1052 644 1094 somno
665 1034 820 1100 sufficienti
835 1077 843 1098 ,
861 1034 975 1112 potitur
995 1042 1105 1111 caput,
1124 1044 1156 1094 et

144 1120 301 1199 languente
316 1120 411 1197 capite
429 1128 562 1180 remanet
581 1136 704 1196 persona
724 1117 861 1178 inhabilis
873 1119 910 1177 ad
926 1118 1153 1190 meditandum,

145 1215 175 1266 et
194 1205 230 1264 ad
258 1215 360 1265 caetera
383 1205 440 1263 alia
465 1204 603 1264 exercitia
624 1204 802 1263 devotionis.
833 1205 1058 1280 Quamcumque
1083 1205 1155 1265 verb

146 1288 403 1352 mortificationem
421 1290 595 1349 concesserit
611 1289 781 1368 poenitenti,
800 1296 833 1348 ut
850 1306 968 1349 omnem
987 1289 1030 1349 illi
1044 1290 1157 1350 auferat

146 1373 334 1452 superbiendi
346 1376 548 1440 occasionem,
561 1373 734 1452 persuadeat
744 1373 788 1433 illi
804 1371 860 1433 boc
876 1373 949 1433 nibil
962 1373 1083 1451 prorsuis
1095 1392 1157 1434 esse

146 1469 279 1539 respectu
295 1458 359 1536 ejus
381 1458 459 1539 quod
486 1460 584 1518 Sancti
604 1459 759 1526 iecerunt,
785 1456 816 1517 et
839 1469 972 1535 respecta
1001 1476 1156 1536 poenarum

147 1563 220 1624 quas
237 1561 292 1622 pro
316 1543 400 1604 nobis
419 1561 572 1622 perpessus
588 1553 629 1603 est
644 1543 728 1602 lesus
741 1540 885 1603 Christus.
899 1542 1019 1603 Dicebat
1031 1545 1062 1604 S.
1084 1542 1158 1603 Tbe-

148 1629 226 1690 reaia
246 1653 257 1689 .·
280 1632 385 1690 Totum
406 1637 450 1690 eat
470 1627 661 1689 immunditie
680 1626 827 1707 quidquid
848 1645 932 1708 apere
949 1645 1106 1708 possumus
1123 1627 1157 1686 iu

148 1713 367 1794 comparatione
389 1712 480 1775 unius
496 1712 652 1794 aoupuiuia
670 1720 763 1793 putta
781 1730 874 1793 quam
890 1713 1037 1772 Dominus
1052 1710 1160 1792 effudit

147 1817 204 1879 pro
226 1797 319 1860 uobis.
346 1799 479 1859 blcliores
501 1798 765 1869 manicationes,
787 1797 942 1869 utiliores,
970 1808 1001 1858 et
1020 1798 1159 1876 periculis

149 1881 397 1943 minitsobnoxioe
415 1892 484 1943 sunt
505 1884 666 1962 negativa,
687 1883 725 1942 ud
748 1901 820 1960 quas
838 1882 1002 1955 attendas,
1017 1883 1161 1961 regulari-

149 1975 196 2027 tcr
217 1967 386 2044 loquendo,
410 1987 471 2028 non
499 1975 543 2027 est
562 1969 722 2027 necessaria
746 1967 914 2028 obedientia
931 1969 1103 2045 directoris,
1126 1975 1162 2028 ut

149 2061 224 2111 essct
244 2051 361 2129 privare
378 2069 409 2110 se
427 2053 559 2122 visione,
575 2061 627 2112 aut
646 2053 798 2112 auditione
819 2071 922 2112 rerum
948 2056 1158 2112 curiosarumz

149 2135 230 2213 loqui
244 2133 351 2213 parce:
367 2145 522 2196 contentus
538 2154 600 2196 osse
616 2137 689 2196 cibis
702 2137 801 2216 gustui
821 2135 920 2203 mincis
935 2139 1082 2216 acceptis,
1106 2154 1159 2197 scu

150 2218 226 2281 mali
250 2220 404 2281 conditis:
426 2239 487 2281 non
510 2221 646 2281 accedere
670 2222 707 2282 ad
733 2222 832 2299 ignom
859 2231 992 2300 tempore
1018 2220 1158 2300 hyemisz

150 2304 257 2383 eligere
284 2323 339 2383 pro
359 2322 398 2364 se-
412 2322 461 2365 res
484 2306 625 2367 vilioresa
641 2306 774 2367 exultare
795 2307 939 2366 etloetari
957 2306 1162 2366 deficientibus

130 2408 133 2413 ’
149 2389 325 2468 qiiibusdam
338 2389 428 2449 rebus
440 2391 530 2451 otiam
547 2392 735 2467 necessariis3
755 2392 896 2469 quoniam
911 2393 941 2450 in
959 2390 1014 2451 hoc
1029 2391 1162 2451 consistit

150 2476 244 2535 uirtus
263 2476 461 2553 paupertatis,
482 2486 516 2535 ut
535 2477 576 2536 ait
597 2478 629 2539 S.
644 2475 839 2538 Beruordua:
857 2477 958 2537 Virtus
972 2476 1163 2557 paupertatis

150 2577 211 2620 uou
229 2567 272 2621 est
292 2568 475 2640 paupertas„
485 2558 535 2621 sed
547 2578 632 2623 utitor
646 2561 843 2643 paupertatis.
861 2563 985 2640 Insuper
998 2580 1057 2620 non
1074 2561 1161 2638 queri

151 2644 188 2703 de
204 2644 396 2705 incommodis
417 2652 603 2724 temporum3
616 2646 653 2707 de
672 2654 844 2724 contemptu
860 2647 905 2705 sui
918 2646 1028 2725 ipsius;
1041 2645 1079 2704 de
1093 2663 1163 2721 per·

151 2729 371 2800 secutionibus,
400 2730 601 2809 molestiisque
632 2732 841 2791 infirmitatum
871 2731 1013 2808 corporis.
1041 2730 1162 2806 Sealpro

64 2866 67 2871 ,
104 2881 106 2885 ,
151 2813 336 2873 cruciatuum
357 2814 538 2875 etdoloruru
562 2816 758 2893 perimuntur
774 2817 885 2894 lapides
901 2815 1082 2875 Hierusalem
1106 2832 1163 2873 cta-

155 2896 246 2956 lcstis.
261 2898 383 2957 Dicebat
397 2900 430 2960 S.
451 2899 607 2961 Titaresio:
630 2899 750 2960 Credere
768 2901 848 2982 quid
871 2903 952 2962 Deus
971 2897 1111 2959 admittat
1128 2896 1162 2957 in

152 2999 238 3042 suoru
257 2983 420 3042 amicitiam
437 2990 551 3063 pentem
563 2984 780 3046 commoditatis
793 2984 938 3059 criticam,
950 2981 1098 3044 denteutiu
1108 2987 1163 3043 eat,

153 3065 285 3135 Anime,
297 3084 363 3147 quie
376 3068 443 3127 aeid
458 3066 590 3149 diliqunt
605 3073 702 3131 Deum
714 3114 722 3140 ‚
736 3073 870 3131 nesciunt
882 3069 1009 3148 quietem
1019 3075 1161 3147 expetere.
1240 3136 1243 3141 Δ

193 3152 260 3212 itt.
275 3147 329 3210 llic
347 3152 443 3212 oritur
454 3153 581 3214 dubium
595 3176 604 3213 ε
620 3156 811 3232 Evangelium
832 3157 863 3214 in
877 3154 1007 3232 quodam
1021 3152 1162 3211 locauit:

153 3234 202 3317 Sic
220 3232 315 3295 luceat
340 3232 395 3296 lua
415 3245 512 3297 cestra
538 3257 638 3300 coram
659 3237 848 3309 iocineribus,
870 3247 906 3299 ut
934 3237 1055 3298 uideam
1076 3253 1167 3315 opera
1209 3308 1213 3313 ¹

153 3327 250 3380 oestro
268 3318 361 3397 buria,
379 3330 407 3383 et
423 3320 589 3404 plorisioeut
601 3328 722 3386 Patrem
741 3334 890 3386 uestium.
903 3323 1004 3403 quiin
1020 3319 1098 3384 coelis
1110 3323 1175 3382 est:

152 3402 264 3465 Mottb.
283 3408 312 3467 5.
328 3409 376 3467 tu.
391 3409 457 3468 Alio
477 3409 540 3469 loco
561 3411 635 3471 dicit
653 3432 662 3470 ε
691 3414 729 3472 Te
745 3419 843 3470 autent
863 3409 989 3490 faciente
1009 3406 1168 3486 eleimoay·

154 3508 243 3569 ituria,
258 3489 369 3550 nesciat
384 3492 509 3554 sinistra
532 3503 585 3556 tua
604 3494 679 3578 quid
695 3493 791 3574 sociat
802 3495 923 3557 deutera
937 3505 1000 3556 tua.
1014 3490 1163 3554 Mattiub.

157 3574 187 3649 5.
209 3573 359 3643 Quaeritur
381 3594 472 3654 ergo,
499 3579 600 3640 utrium
627 3588 709 3640 actus
737 3581 859 3640 virtutis
878 3582 938 3641 sint
959 3575 1166 3640 manifestandi

158 3654 244 3725 aliis,
261 3656 309 3713 vel
325 3661 512 3722 occultandi?
535 3666 572 3724 Et
594 3664 791 3748 respondetur
814 3662 1052 3743 distinguendo:
1075 3668 1169 3738 opcta'
