2642 4167
415 248 466 308 Ba
475 247 613 330 operatas
624 247 776 309 Benedicti
785 248 874 312 XIV.
1095 247 1154 309 379

145 346 312 489 manliae
327 361 510 488 propugnare,
530 355 564 406 at
580 346 689 409 itonam
706 347 865 411 innovetur
883 363 919 415 ex
935 352 1021 426 parto
1041 348 1152 409 autos-

146 449 241 576 qusord
255 447 371 592 <intonat
389 471 480 574 timor
493 523 644 589 occurrat,
663 532 721 586 ne,
737 524 821 592 parta
833 516 935 593 taccat
949 496 1105 587 certiorati
1115 517 1153 581 da

145 596 469 670 nuttoate'ooaaenartn
486 598 618 659 laturum
633 598 692 673 att,
716 608 749 659 ut
762 599 812 658 illa
835 608 941 661 renuat
954 617 1061 667 nonam
1076 601 1152 671 aete-

144 681 484 760 baationem‚adedqao
510 681 552 741 sic
573 681 670 740 soluto
696 683 906 753 matrimonio,
924 686 1090 753 timeatur¹
1114 703 1152 747 ne

145 777 213 828 nata
226 766 432 827 antooodentat·
454 766 551 843 protea
570 765 735 828 declaratur
755 767 1025 844 illegitimat't'ono
1049 768 1153 845 utique

145 852 185 910 do
194 851 280 927 pamla
295 868 354 910 nan
369 858 414 909 eat
429 868 483 909 our
494 849 667 919 dubitatur,
680 867 750 911 nam
763 868 880 928 scarpaa
893 845 1019 917 habetur
1036 860 1070 910 ut
1083 851 1150 929 legi-

145 936 219 995 tiana
239 931 305 994 cim
328 932 574 1011 impedimentum
591 933 816 1001 morannum,
841 943 872 995 ct
895 953 972 1003 unus
995 934 1098 995 saltem
1114 952 1151 994 ox

147 1016 321 1095 conjugibus
342 1016 374 1076 iu
395 1016 551 1077 bont‘lide‘
562 1025 707 1077 versatur.
716 1014 828 1081 Voaairn
840 1018 864 1077 si
876 1017 972 1083 adhuo
985 1026 1152 1095 perseveret

147 1106 245 1162 motus
258 1100 463 1161 scandalorum
478 1118 514 1161 ex
533 1100 715 1161 resolutione
726 1098 814 1175 liujus
831 1103 1012 1163 matrimonii
1026 1144 1035 1174 ‚
1049 1103 1151 1163 suadet

146 1185 279 1254 duston
307 1193 342 1245 nt
363 1202 417 1262 par
439 1202 531 1247 noras
556 1184 669 1244 litteras
689 1194 853 1260 exponatur
870 1186 902 1245 S.
925 1186 1151 1249 Poenitmtiariae

146 1287 247 1344 mstis,
269 1269 317 1328 vel
336 1280 507 1329 recurratur
527 1269 564 1328 ad
586 1269 781 1346 Episcopum,
795 1269 847 1347 qui
868 1269 900 1333 id
917 1270 1052 1337 suadriait
1069 1269 1150 1348 quod

147 1355 205 1413 erit
220 1362 432 1431 opportunum.
450 1352 526 1413 lbid.
540 1373 571 1413 n.
587 1354 638 1412 80.

150 1472 155 1477 ·
184 1440 283 1497 Cornan
296 1437 526 1499 matrimoniales
542 1437 657 1497 itGurid
677 1437 809 1501 Romani
828 1437 990 1505 commisse
1007 1439 1039 1497 in
1056 1439 1150 1514 parti·

145 1521 203 1582 lios
212 1565 222 1596 ,
237 1539 295 1581 non
310 1521 483 1599 delegantur
493 1522 547 1581 nisi
564 1521 733 1598 Episcopus,
750 1522 797 1581 vol
810 1523 833 1580 si
856 1522 955 1580 nullus
975 1522 1014 1581 sit
1027 1522 1058 1587 in
1076 1520 1150 1580 dim·

146 1605 222 1675 resi,
235 1605 337 1665 saltem
361 1605 572 1679 vicinioribus3
591 1614 623 1672 et¹
638 1605 662 1662 si
683 1605 730 1663 vel
751 1606 794 1665 illi
809 1606 974 1679 abluerint,
996 1603 1149 1665 iudicibus

146 1690 348 1767 synodalibus.
373 1691 459 1749 cons.
485 1690 542 1749 Dei
565 1686 761 1749 commotione.
787 1687 905 1751 Mandat
927 1688 1048 1764 insuper
1071 1688 1148 1746 Pon·

146 1773 217 1832 tilcx
236 1817 244 1844 ‚
264 1782 298 1833 ut
321 1775 353 1834 in
379 1773 504 1851 nogotia
529 1772 703 1835 dimoeaibus
724 1771 859 1837 delemur
892 1771 1150 1831 matrimoniorum

145 1858 343 1935 dosipnotor,
373 1859 423 1935 qui
451 1876 567 1935 seraper
593 1856 669 1919 adsit
702 1857 732 1918 io
761 1855 874 1933 judicio
895 1900 904 1927 ‚
929 1866 958 1921 et
983 1856 1090 1921 citetur
1118 1855 1150 1923 in

146 1941 431 2003 mauritanorum.
452 1942 482 2003 Si
506 1940 576 2003 acad
597 1940 688 2016 jaalon
709 1941 740 2007 ia
763 1940 897 2018 partibus
922 1959 978 2018 pap
1002 1938 1150 2001 radiationis

145 2025 327 2086 matrimonii
342 2024 517 2085 conteritiam
538 2026 627 2091 ierat,
641 2025 679 2101 ab
691 2023 726 2083 aa
738 2024 882 2085 sortientia
899 2023 1055 2101 appellatio
1068 2022 1150 2081 nulla

146 2108 318 2171 intercedat.
332 2107 420 2173 Sociis
430 2110 456 2171 si
479 2124 532 2187 pto
546 2108 745 2180 invaliditatc‚
759 2108 894 2169 defensor
904 2108 1053 2185 appellare
1063 2106 1150 2171 debet

144 2193 228 2254 intra
247 2200 361 2270 tempus
370 2193 557 2270 legitimum,
570 2193 631 2255 sive
645 2211 712 2271 pars
724 2193 829 2263 imant,
841 2191 903 2251 siae
916 2210 987 2252 non.
999 2190 1149 2255 Pandente

144 2276 217 2340 rard
234 2279 428 2355 appellatione
436 2280 473 2341 ad
486 2297 575 2341 novas
591 2281 708 2357 nuptias
720 2279 845 2343 transire
858 2276 997 2357 conjuges
1010 2284 1148 2341 veantur

145 2363 201 2424 sub
216 2364 309 2438 pmttis
328 2373 429 2429 oontto
442 2366 617 2441 polygamos
629 2363 807 2425 constitutis.

172 2442 1147 2515 Postduaascntontiasconformesdenullitatematrimonii,licitum

145 2541 190 2595 eat
201 2532 376 2611 coniugibus
389 2534 514 2597 transire
527 2533 563 2593 ad
575 2532 645 2591 alias
665 2532 781 2607 nuptias
793 2571 802 2600 ‚
816 2527 978 2588 dummodo
998 2545 1083 2603 pora,
1097 2545 1148 2591 seu

144 2618 281 2679 defensor
293 2635 347 2693 pto
362 2616 415 2679 sui
432 2615 681 2677 conscientiarum
696 2612 855 2673 crediderit
870 2610 1089 2689 appellandum.
1103 2610 1147 2668 lla.

144 2704 231 2763 Paeto
249 2700 356 2775 tunsio
377 2701 448 2763 inita
470 2700 548 2761 inter
565 2696 703 2775 conjuges
726 2697 764 2757 da
786 2713 846 2755 non
864 2690 1148 2772 appellandoiscn-

144 2783 239 2845 tantist
264 2782 302 2843 de
325 2783 460 2849 nullitate
487 2783 669 2849 matrimonii
696 2782 779 2849 irrita
804 2778 933 2840 declarat
956 2777 1091 2839 Pontifex
1115 2777 1148 2838 io

144 2867 264 2943 Encycl.
284 2866 321 2926 ad
342 2868 478 2931 Polonos.
497 2867 575 2936 Ball.

192 2951 380 3017 Matrimonia
415 2954 494 3013 inter
515 2950 666 3013 hereticos
690 2951 755 3011 sine
790 2947 944 3027 praesentit
968 2945 1087 3027 parochi
1116 2947 1147 3006 in

143 3034 307 3114 provinciis
327 3034 462 3101 fedanti
479 3037 591 3114 tripu,
612 3032 681 3097 otim
703 3053 761 3094 non
782 3035 821 3093 sit
840 3035 881 3093 ibi
901 3042 1052 3111 receptum
1069 3034 1147 3090 Con·

144 3120 247 3180 cilium
265 3117 495 3191 Tridentium,
513 3129 636 3192 tenent3
666 3117 914 3196 quomadmodum
936 3119 1025 3176 etiam
1045 3114 1148 3174 matri·

142 3202 245 3265 monia
260 3201 338 3261 inter
349 3199 515 3265 hereticam
528 3213 558 3267 et
573 3201 748 3269 catholicum
765 3200 801 3261 ab
819 3202 922 3262 incolis
937 3202 1055 3262 illorum
1068 3199 1147 3258 loco·

141 3303 212 3352 aum
231 3287 425 3351 sustinentur.
437 3288 519 3351 ldem
541 3290 680 3349 annuitur
700 3287 724 3346 si
747 3297 870 3363 uterquc
890 3283 1063 3345 contrahens
1079 3302 1147 3362 per·

142 3371 237 3435 tineat
248 3369 284 3429 ad
297 3372 418 3435 militias
429 3376 568 3435 ordinum
586 3372 718 3431 faederati
732 3373 821 3447 ttotgtt
838 3371 965 3429 addictas
977 3369 1146 3428 mimicndis

142 3453 262 3519 nucibus
276 3454 367 3533 attigd
384 3457 455 3525 dicti
471 3455 504 3519 di
521 3456 676 3517 Barricra.
692 3456 865 3514 [intenditur
886 3454 922 3512 ad
942 3452 1146 3513 contrahentes

141 3538 174 3598 in
198 3538 317 3597 civitate
333 3541 421 3600 Mosa
434 3539 637 3616 Trajcctensis.
657 3538 713 3598 Scd
733 3539 757 3597 si
780 3537 984 3597 contrahentes
1006 3535 1145 3596 habentes

144 3620 375 3691 contramuto
388 3625 547 3707 pastinatis
560 3622 707 3686 foderatis
719 3623 811 3687 velint
823 3620 995 3685 contrahere
1006 3620 1037 3681 in
1049 3621 1142 3697 regio·
