2642 4167
146 234 203 297 tat
415 230 526 295 Peneia
539 226 722 311 confessarii.
738 227 811 310 Cep.
827 230 876 292 lO.

146 336 299 397 animabus
317 334 487 415 repleatur,
506 328 693 393 Desrrlott'onc
714 327 845 393 desolato
867 335 911 391 est
932 331 1028 392 omnia
1048 338 1149 407 tetra,

146 421 221 499 qerio
241 417 343 481 acelina
358 427 401 479 eet
413 417 466 498 qni
476 413 713 495 recopitetcarde.
730 417 838 475 lenem.
853 417 902 475 li.
919 416 967 475 ll.
981 418 1018 475 Et
1031 413 1151 484 contra,

147 506 188 565 nit
207 504 333 582 Spiritus
354 511 486 572 sanetus,
508 517 577 560 eum
597 500 648 576 qui
672 498 748 577 saepe
770 507 915 570 mortem,
935 497 1101 575 judicium,
1119 507 1153 558 et

149 587 343 647 eternitatem
357 592 553 658 memoratur,
566 581 581 640 ir
592 581 716 660 peccatis
729 582 847 640 liberari
858 601 867 637 c
879 582 1044 641 Meteonem
1056 581 1154 642 nouis·

149 671 227 731 aima
243 677 313 745 tna,
333 676 363 727 et
379 666 413 727 in
425 674 566 726 oeternum
582 684 643 723 reon
662 662 800 743 peccabis.
815 660 905 723 Eccli.
919 666 949 723 7.
964 666 1013 723 lO.
1026 663 1153 738 Quidam

148 763 250 813 auctor
272 752 361 827 dicit,
381 748 460 827 quot
482 748 540 809 sia
562 749 708 807 dantnatis
726 747 919 806 sciscitaretur
939 768 948 805 c
970 749 1032 806 Cur
1048 764 1098 808 eos
1117 746 1154 806 in

147 834 266 916 inferno
278 836 368 895 estis?
377 834 471 910 major
486 850 588 894 eorum
601 849 669 909 pars
682 831 890 910 responderet:
902 830 1021 892 Nostris
1032 846 1152 907 aramus,

149 920 223 999 quia
241 916 394 998 insterrmm
407 936 468 977 non
483 915 684 996 copitovinuts.
700 915 749 974 tit
763 916 795 974 S.
811 913 982 975 Vincentius
994 915 1031 973 dc
1044 914 1152 985 Paula,

148 1002 228 1081 qudd
249 1004 275 1061 si·
293 1009 427 1080 peccator
448 1001 635 1071 missionem,
656 1008 708 1059 aut
727 999 865 1058 exercitia
884 999 1046 1076 spiritualia
1068 996 1154 1057 audi-

149 1095 215 1157 ret‚
238 1094 267 1147 et
287 1103 347 1144 non
368 1091 611 1154 converteretur,
635 1083 778 1142 miraculo
800 1082 831 1141 id
853 1083 1045 1142 tribuendum
1065 1092 1152 1142 essct.
1229 1111 1231 1115 ν

149 1171 213 1229 lacn
234 1170 265 1228 in
281 1171 413 1229 oratione
425 1167 545 1227 mentali
560 1168 639 1225 Deus
655 1175 699 1226 est
720 1167 770 1245 qui
790 1167 924 1245 loquitur
937 1189 945 1225 :
960 1169 1075 1229 Dareum
1087 1183 1155 1225 curn

150 1252 184 1312 in
208 1247 417 1323 solitudinem,
440 1260 469 1311 et
491 1246 598 1332 querer
622 1249 663 1311 nd
684 1268 733 1310 ror
757 1249 829 1331 ejus.
853 1254 934 1311 Oscae
953 1254 983 1310 2.
1004 1252 1051 1311 ll.
1076 1251 1156 1308 Deras

151 1338 252 1414 artique
265 1336 346 1396 omni
361 1336 565 1395 concionatore
583 1333 689 1393 malitis
710 1335 851 1411 loquitur.
865 1335 974 1393 Omnes
991 1335 1086 1394 Sancti
1101 1351 1159 1410 per

150 1421 315 1480 orationem
331 1420 489 1479 mentalem
507 1420 597 1477 suncti
618 1419 684 1477 laeti
696 1428 773 1479 sunt.
786 1420 822 1478 Et
836 1418 1016 1496 experientia
1031 1418 1156 1487 scimus,

151 1503 251 1581 qrtdd,
273 1503 325 1580 qui
344 1503 468 1561 orationi
489 1502 610 1562 mentali
630 1502 703 1561 dant
722 1520 861 1579 operam,
874 1502 1030 1560 dillieulter
1045 1503 1074 1559 in
1088 1520 1158 1579 pee-

149 1597 210 1647 eata
226 1586 362 1646 mortalia
378 1585 514 1645 decidant
529 1630 537 1655 ‚
552 1592 581 1644 ct
599 1587 622 1644 si
637 1604 703 1644 casu
723 1586 881 1663 aliquando
897 1587 927 1643 in
947 1605 979 1645 ea
995 1585 1155 1654 labuntur,

150 1671 278 1732 orationi
296 1670 477 1742 insistendo,
497 1672 595 1730 statim
607 1671 800 1747 resipiscunt,
815 1677 845 1729 et
862 1669 898 1728 ad
911 1670 1005 1729 Deum
1018 1669 1156 1728 redeunt.

150 1756 252 1816 Oratio
269 1754 421 1825 mentalis,
438 1763 467 1814 et
486 1762 656 1833 peecatum,
678 1753 735 1813 und
756 1754 845 1813 simul
866 1755 1024 1813 consistere
1044 1750 1158 1830 aedric-

150 1847 217 1898 unt.
228 1838 330 1914 aljelrat
340 1839 461 1915 quidam
472 1856 574 1898 servus
584 1839 654 1909 Dei,
667 1836 744 1916 qudd
758 1838 844 1898 multi
859 1838 983 1897 recitant
992 1838 1156 1909 rosarium,

151 1922 288 1982 Officium
302 1922 433 1998 Virginis
444 1923 560 1995 llariac,
576 1922 729 1999 jejunant,
744 1931 774 1982 et
789 1922 820 1981 in
838 1923 961 2000 peccatis
974 1921 1072 1980 virere
1088 1937 1159 1999 per-

149 2014 245 2083 gunt,
260 2005 310 2063 sed
330 2007 381 2082 qui
397 2007 560 2066 orationem
577 2024 637 2064 non
654 2007 842 2077 intermittit,
855 2004 1034 2084 impossibile
1046 2014 1107 2073 est,
1121 2013 1158 2064 ut

149 2091 182 2149 in
194 2090 247 2148 Dei
260 2087 369 2148 oileusa
382 2090 473 2149 vitam
486 2098 680 2168 prosequatur
695 2089 821 2166 ducere3
831 2098 881 2148 aut
894 2088 975 2148 enim
992 2089 1158 2149 orationem

150 2174 285 2243 omittet,
296 2181 346 2231 aut
358 2171 373 2232 d
385 2174 507 2251 peccatis
522 2174 655 2232 cessabit.
666 2173 723 2233 Sed
736 2175 759 2233 si
773 2175 937 2234 orationem
949 2192 1010 2234 nou
1021 2174 1155 2243 omittet,

149 2277 209 2318 neu
229 2256 325 2316 sotum
344 2267 458 2336 peecata
477 2257 645 2336 relinquet,
662 2257 713 2317 sed
732 2256 748 2316 d
768 2254 909 2317 creaturis
921 2273 1052 2316 amorem
1066 2273 1156 2314 suum

149 2341 332 2410 removebit,
348 2351 378 2401 et
393 2343 428 2401 ad
442 2344 537 2402 Deum
548 2350 711 2402 convertet.
730 2343 770 2405 ln
784 2338 972 2402 meditatione
990 2357 1056 2399 ntea
1068 2357 1158 2399 exer·

149 2426 243 2487 decret
260 2424 348 2506 ipris.
364 2428 401 2485 Ρ.
419 2428 468 2486 58.
483 2428 512 2486 l.
528 2426 630 2485 Oratio
654 2434 699 2486 est
716 2425 821 2486 fornax
833 2468 842 2498 ‚
856 2424 913 2495 ubi
931 2424 1037 2484 animae
1053 2441 1157 2485 accen·

148 2511 263 2571 ‹luntur
282 2510 312 2567 in
335 2509 470 2570 divinum
492 2528 634 2570 amorem.

187 2596 256 2655 2l8.
283 2594 441 2670 loquendo
468 2594 505 2654 de
529 2595 618 2663 loeo,
640 2595 691 2655 ubi
715 2596 810 2655 oratio
832 2594 963 2656 iacienda
985 2593 1045 2666 sit,
1063 2596 1158 2673 magis

149 2677 287 2760 proprior
303 2687 347 2736 est
367 2679 491 2738 Ecclesia
506 2700 515 2755 ;
529 2680 585 2739 ‘sed
609 2680 667 2739 illis
688 2681 740 2758 qui
762 2679 833 2741 illtlc
852 2682 896 2740 ire
910 2689 960 2740 aut
980 2679 1020 2739 ibi
1043 2682 1155 2740 morari

148 2770 322 2839 nequeunt,
339 2764 463 2841 quisque
481 2766 562 2825 loeus
584 2766 641 2825 erit
662 2766 788 2827 orationi
800 2776 919 2844 aptus,
940 2766 1002 2824 sive
1024 2763 1084 2824 sint
1102 2764 1159 2825 do·

148 2845 303 2916 mus,sivc
323 2848 413 2906 villae.
433 2850 527 2909 Etiam
545 2851 625 2922 iter,
642 2851 768 2912 etlabor
780 2851 905 2912 orationi
924 2867 983 2909 non
1004 2849 1159 2910 disconve-

148 2931 256 2996 niunt,
280 2926 348 2989 edm
367 2931 458 2991 etiam
483 2941 555 2992 tune
572 2936 663 3012 possit
678 2954 762 2994 mans
779 2937 810 2995 in
827 2937 922 2995 Deum
943 2933 1063 2993 elevari.
1077 2935 1157 3006 Quot

148 3012 315 3085 rusticulas,
328 3011 396 3072 edm
404 3015 445 3073 eis
455 3014 528 3074 nihil
541 3019 683 3095 temporis
697 3038 751 3078 nec
765 3020 821 3079 loci
836 3019 964 3097 supersit
974 3016 1154 3089 laborando,

148 3107 178 3157 et
196 3097 254 3156 iter
273 3096 407 3173 agendo,
434 3114 517 3158 suam
536 3101 646 3160 iaciunt
674 3105 871 3162 orationem?
900 3103 1049 3176 Qttaereuti
1075 3103 1157 3161 enim

148 3183 243 3241 Deum
256 3180 287 3239 in
303 3181 384 3240 omui
398 3182 462 3242 loeo
475 3226 483 3254 ‚
494 3192 525 3243 et
537 3183 568 3241 in
580 3186 661 3244 omni
677 3194 810 3266 tempore
822 3189 955 3246 invenire
969 3186 1018 3244 ille
1033 3186 1155 3246 selacit.

187 3265 256 3324 ate.
274 3264 520 3346 orneoscopos,
533 3269 628 3347 aptius
640 3272 698 3330 erit
709 3279 825 3350 tempus
835 3272 1025 3331 matutinum.
1038 3272 1157 3332 Bonum

149 3363 208 3405 non
241 3345 394 3409 habebunt
419 3352 557 3423 exitum,
590 3372 656 3430 quae
687 3357 718 3414 ia
747 3355 795 3415 die
831 3356 935 3426 fiunt,
969 3352 1036 3413 crim
1067 3354 1158 3415 mand

148 3430 311 3489 orationem
340 3450 423 3493 suam
450 3437 574 3514 quisque
597 3437 690 3497 iecere
713 3440 858 3516 neglexit?
877 3437 1010 3498 Orationi
1035 3436 1158 3516 propriis
1181 3505 1186 3514 1

149 3510 196 3570 bis
217 3515 249 3572 in
270 3513 319 3573 die
334 3517 425 3577 vicari
442 3518 582 3594 deberet,
603 3522 710 3596 mand,
730 3533 760 3582 et
781 3525 894 3602 vesperi
911 3545 921 3599 3
938 3522 988 3581 sed
1008 3519 1077 3579 edm
1105 3540 1159 3582 re-

150 3607 235 3667 spere
264 3599 457 3660 commoditas
481 3622 551 3665 uon·
566 3614 631 3680 est,
658 3607 711 3667 fiat
732 3609 836 3668 saltem
859 3615 956 3670 mane.
985 3604 1091 3682 ajebat
1119 3609 1158 3670 Γ.
