2642 4167
179 289 217 350 68
350 281 352 285 ’
462 282 770 365 Proaistonsessurii.
789 282 862 363 Cap,
880 285 911 345 ii.

180 386 314 449 habitunt
329 387 525 469 extirpardrc.
546 386 646 466 Aliqui
666 389 808 447 ductores
822 387 873 463 qui
895 403 949 465 per
968 386 1059 447 solam
1081 386 1187 465 rigoris

180 473 258 532 viam
279 474 417 533 videntur
436 473 512 533 velle
528 472 641 533 animas
663 472 756 530 salvas
777 470 894 546 iacere,
919 469 1022 530 dieunt
1042 471 1186 531 recidivus

180 555 294 634 pejores
309 557 391 627 beri,
402 555 469 617 edm
488 566 557 617 ante
574 555 811 616 emendationem
831 553 1034 614 absolvuntur.
1050 554 1106 614 Sed
1125 555 1187 632 ipse

179 640 254 699 scire
274 640 380 699 vellem
399 639 436 699 ab
448 639 493 699 bis
507 640 653 717 magistris
672 638 765 709 meis,
786 657 823 697 nn
842 656 943 697 omnes
963 637 1085 697 recidivi
1098 682 1106 707 ‚
1119 635 1185 697 crim

179 724 243 783 sine
271 722 455 783 absolutione
483 723 677 782 dimittuntur
706 731 838 781 carentes
865 722 957 796 gratia
988 725 1159 782 sacramenti
1175 765 1186 796 ,

180 825 281 868 omncs
302 806 427 867 evadant
444 805 600 876 fortiores,
619 816 648 865 et
672 824 774 865 omnes
801 805 1007 865 emendentur.
1033 807 1112 879 Quot
1133 823 1187 883 ego

180 892 303 954 miseros
317 893 384 951 novi
400 892 431 951 in
451 890 589 950 exercitio
609 891 804 964 Missionum‚
823 890 875 966 qui
893 889 1005 948 dimissi
1019 889 1082 949 sine
1103 890 1188 950 obso-

181 974 294 1035 lntionc
304 1019 311 1044 ,
323 975 403 1035 vitiis
415 983 445 1034 et
458 973 654 1052 desperationi
669 972 896 1049 seabjeccrnnt,
911 983 941 1032 et
965 974 1018 1050 per
1042 974 1186 1052 plurimos

179 1077 273 1119 annos
298 1061 462 1119 omiserunt
478 1057 628 1118 confiteril
645 1055 790 1116 Caeterdrn
805 1066 906 1135 repeto
925 1077 934 1117 a
954 1058 1078 1135 quisque
1099 1076 1130 1118 se
1142 1059 1188 1118 di·

156 1167 163 1189 ·
181 1145 278 1219 rigere
299 1145 386 1205 debct
404 1143 489 1222 juata
511 1144 611 1203 lumen
633 1160 693 1218 quo
709 1142 837 1201 donatur
861 1142 878 1201 d
905 1144 977 1202 Deo.
998 1144 1060 1202 Hoc
1074 1154 1189 1207 certam

182 1241 249 1298 cst,
266 1227 346 1307 quaid
365 1230 397 1287 in
421 1226 475 1287 hac
493 1228 615 1287 materia
630 1236 690 1286 tarn
710 1236 810 1285 errant
826 1228 848 1285 ii
872 1227 923 1304 qni
944 1225 1010 1304 plirs
1020 1226 1101 1302 justo
1116 1239 1186 1289 sunt

126 1369 130 1374 ,
181 1314 301 1383 faciles,
324 1312 413 1391 quim
433 1312 455 1372 ii
477 1312 527 1390 qui
553 1320 622 1370 sunt
642 1310 776 1369 difficiles
794 1310 833 1369 ad
857 1310 1078 1371 absolvendum.
1101 1313 1187 1373 liulti

182 1397 303 1475 quidem
316 1406 437 1475 propter
458 1397 580 1456 nimiam
593 1395 761 1455 facilitatem
775 1402 845 1453 sunt
863 1395 893 1453 in
917 1413 1018 1465 eausa,
1041 1394 1121 1474 qubd
1142 1405 1188 1457 tot

182 1483 289 1542 onimae
309 1483 471 1558 perdantur
487 1481 528 1558 (et
548 1482 646 1556 negari
671 1498 731 1540 non
747 1488 842 1557 potest
863 1477 943 1556 qnbd
965 1481 1012 1539 isti
1034 1481 1065 1540 in
1082 1480 1188 1558 majori
1270 1522 1275 1529 ·

182 1567 243 1627 sint
270 1583 419 1638 numero,
452 1574 482 1626 et
504 1564 601 1641 majos
624 1564 768 1623 damnum
796 1561 941 1634 afferant,
967 1561 1039 1624 ddm
1065 1564 1129 1624 istis
1156 1565 1189 1625 in

182 1649 288 1728 mojori
312 1667 436 1711 numero
454 1649 595 1710 accedunt
612 1658 775 1728 peccatores
800 1647 980 1726 ltabituati);
1002 1648 1052 1708 sed
1074 1649 1125 1709 alii
1149 1649 1188 1710 ob

183 1736 309 1796 nimiam
325 1737 453 1813 rigorem
474 1736 563 1794 etiam
578 1751 684 1811 magno
702 1741 771 1792 sunt
782 1732 890 1792 damno
904 1734 1071 1792 animarum
1088 1735 1187 1796 saluti.

183 1821 220 1881 lit
231 1820 328 1880 nescio
340 1864 349 1891 ‚
362 1838 400 1878 an
418 1820 608 1878 confessarius
624 1818 729 1876 debeat
751 1814 866 1876 tanttlm
882 1816 937 1875 sibi
951 1817 1123 1894 scrupulum
1143 1820 1190 1878 in·

181 1902 292 1981 jieere,
318 1901 574 1981 quondoabsolvit
596 1900 801 1978 indispositos‚
824 1907 854 1959 et
876 1918 935 1959 non
958 1900 1046 1960 etiam
1071 1903 1189 1978 qnando

183 1991 338 2069 dispositos
355 1989 418 2047 sine
439 1985 622 2045 dissolutione
647 1985 781 2045 dimittit.
798 1986 945 2046 Concludo
967 1984 1033 2057 hic,
1054 1997 1085 2047 et
1097 1988 1187 2049 dico:

184 2076 250 2136 Non
270 2092 344 2151 nego
359 2071 438 2151 qnbd
456 2071 614 2150 aliquando
635 2071 710 2130 bene
731 2071 868 2148 prodesse
884 2072 974 2149 possit
990 2072 1120 2131 recidivo
1142 2074 1189 2132 di-

183 2159 293 2239 sposito
306 2158 408 2217 dilatio
425 2155 626 2217 absolutionis.
652 2156 723 2214 Dico
746 2155 873 2215 secundb
895 2175 903 2212 z
922 2173 1037 2233 semper
1054 2156 1189 2234 proderit

183 2242 263 2322 qubd
286 2242 475 2303 confessarius
497 2238 665 2316 hujusmodi
683 2238 825 2298 recidivos
841 2247 970 2309 terreat,
997 2240 1189 2318 ostendatque

183 2346 216 2387 ne
233 2328 257 2386 si
273 2346 333 2387 non
358 2334 455 2405 posset
470 2342 520 2384 eos
544 2324 708 2383 absolvere.
729 2324 801 2382 Dico
822 2322 937 2382 tertiis:
964 2321 1121 2383 Ordinarid
1144 2325 1189 2384 lo·
1249 2349 1251 2354 ·
1304 2355 1305 2358 ¹

182 2410 319 2491 quendo,
339 2410 475 2470 recidivis
497 2426 533 2469 ex
558 2409 716 2486 fragilitate
736 2406 912 2476 intrinseca,
938 2415 969 2466 ct
991 2423 1044 2484 per
1069 2408 1188 2485 signum

181 2497 448 2557 extraordinarium
466 2495 529 2571 jam
554 2494 727 2572 dispositis,
745 2494 836 2569 magis
859 2491 1050 2551 absolutionis
1076 2492 1190 2552 benefi-
1225 2521 1228 2524 ·
1304 2493 1305 2496 ’

182 2583 260 2641 cium
273 2582 425 2659 proderit,
443 2578 533 2657 quam
555 2578 668 2637 dilatio.
685 2578 803 2636 Utinam
815 2585 845 2634 ct
856 2576 1023 2635 confessarii
1043 2576 1187 2637 recidivas

182 2666 364 2732 absolverent
387 2663 451 2725 tdm
466 2661 562 2723 saltim
581 2660 649 2722 crim
680 2662 761 2738 signa
784 2661 1013 2719 extraordinaria
1033 2660 1184 2720 offerunt!

183 2749 217 2808 td
235 2750 313 2826 quod
334 2748 496 2827 lugendum
521 2756 566 2806 est
584 2767 594 2821 3
615 2743 695 2823 qudd
717 2742 831 2819 major,
857 2761 895 2803 nc
913 2744 1008 2804 dicam
1033 2744 1185 2818 maxima,
1261 2743 1265 2746 ’

173 2834 423 2892 ,confessariorum
445 2849 512 2908 pars
538 2829 745 2889 universaliter
769 2827 913 2888 recidivus
938 2827 1095 2887 absolvunt
1124 2822 1189 2888 sine

183 2915 391 2986 distinetione,
410 2917 474 2974 sine
493 2916 576 2992 signo
595 2912 853 2980 extraordinario,
873 2913 937 2971 sinc
961 2911 1188 2984 admonitione,

182 3010 211 3060 et
226 3002 289 3060 sinc
302 3001 400 3078 aliquo
420 2999 523 3057 saltem
545 2999 675 3058 remedio
691 2998 819 3076 praestito
835 2996 871 3055 ad
888 2995 1145 3071 emendationem
1159 3002 1190 3055 ei

182 3081 252 3143 binc
268 3082 338 3144 verb
354 3082 507 3161 procedit,
530 3100 598 3142 nam
615 3082 677 3157 jam
699 3081 737 3141 ob
755 3080 938 3141 absolvendis
961 3078 1128 3157 dispositis,
1145 3088 1190 3140 tot

183 3166 529 3226 animarumuniversalis
542 3166 695 3243 pernicies.

222 3253 271 3310 78.
294 3252 355 3311 Hoc
379 3260 477 3310 tamen
498 3251 578 3327 quod
602 3249 797 3321 dictumest,
820 3247 1018 3309 communiter
1039 3247 1190 3324 loquendo

183 3334 411 3405 «lettobenano,
429 3343 460 3394 et
477 3334 630 3403 recidivis,
653 3350 714 3392 non
736 3333 869 3411 procedit
886 3332 949 3408 jam
972 3332 1047 3390 eirca
1068 3331 1191 3390 initian-

184 3417 236 3477 dos
254 3419 285 3475 in
304 3418 392 3478 sacris
412 3418 565 3477 ordinibus
584 3416 750 3476 balrituatos
765 3419 796 3475 in
815 3418 913 3492 aliquo
928 3416 999 3474 vitio
1012 3414 1192 3492 (praesertim

185 3500 216 3557 in
241 3510 357 3576 peccato
380 3501 489 3578 turpi);
513 3503 587 3560 circa
607 3500 660 3559 hos
685 3501 842 3559 animalia
865 3500 959 3557 currit
975 3500 1062 3558 ratio.
1085 3498 1191 3556 Laicus

184 3579 351 3641 bebitootns
372 3584 482 3642 absolvi
502 3592 597 3661 potest
610 3628 618 3654 ‚
631 3601 748 3660 sempor
763 3602 796 3643 ac
809 3592 853 3641 cst
872 3582 1030 3658 dispositus
1047 3581 1085 3639 ad
1099 3581 1192 3640 susci·

185 3664 329 3741 piendum
347 3677 562 3728 sacramentum
583 3668 780 3747 ponitentiae,
794 3666 846 3726 scd
864 3665 1047 3726 ordinandus
1059 3663 1193 3725 habituu-
