2642 4167
396 272 424 354 3.
439 274 505 333 Vll.
522 273 567 333 De
585 269 735 352 rirscstotis
750 270 921 333 ddoernone.
1127 273 1167 336 99
1222 272 1224 275 ’

157 377 300 443 recedatis
322 374 360 437 at
378 373 434 435 doc
448 379 583 433 creatura
602 373 671 432 Dei.
688 372 802 432 Deinde
821 374 1013 450 poenitentem
1039 373 1166 434 interro·

158 474 226 545 get,
240 481 278 522 an
294 476 428 537 unquam
446 457 560 518 hostem
580 459 780 527 invocaverit,
794 466 902 517 etcum
919 476 954 518 co
967 458 1085 534 aliquod
1097 458 1166 520 inia-

157 552 198 611 rit
216 548 363 627 pactum?
376 562 412 602 an
433 542 590 620 aliquando
602 543 692 601 tidem
707 545 875 620 negaverit,
892 551 944 602 aut
956 551 1056 603 eontra
1073 543 1165 621 ipsam

158 641 258 693 aetum
279 631 409 706 aliquem
432 627 617 686 exercuerit?
636 626 888 705 interrogamur
908 626 1004 686 sormi
1024 626 1079 706 ipsi
1106 627 1165 687 da·

158 734 229 777 mon
240 721 396 793 apparent,
410 728 448 770 an
459 709 587 769 hominis
597 753 605 781 ,
617 711 768 780 mulieris,
781 718 833 768 aut
844 711 959 770 bellua.
973 711 1057 770 Tune
1072 710 1164 781 cuim,

158 800 181 859 si
201 814 270 857 cum
288 797 340 856 ilio
358 797 436 866 coit,
453 802 559 872 praeter
573 803 725 871 peecatum
746 805 848 853 contra
860 795 1038 865 castitatem,
1052 801 1084 854 et
1095 793 1166 854 reli·

157 882 295 961 pionem,
318 896 387 939 rcus
407 878 465 937 erit
489 878 598 956 peccati
628 878 846 951 fornicationis,
863 888 915 940 aut
936 878 1096 950 sodomia,
1114 883 1170 938 aut

156 964 287 1026 incastris
312 962 455 1042 (inteltige
481 960 638 1039 aflectui),
660 962 819 1031 adulterii,
840 971 890 1023 aut
914 963 1067 1041 sacrilegii.
1091 963 1167 1022 item

157 1050 412 1124 interroget,.quo
429 1047 493 1106 loco
506 1055 536 1105 et
553 1055 687 1123 tempore
707 1044 763 1105 hoc
781 1049 990 1107 commercium
1008 1045 1167 1107 babuerit?

157 1132 298 1193 Ostendat
311 1131 338 1190 ci
349 1140 449 1209 postca
460 1129 631 1207 hujusmodi
643 1131 775 1190 criminis
791 1132 1024 1200 immanitatem,
1040 1136 1167 1210 quarrat-

69 1274 74 1283 ,
159 1234 218 1294 que
228 1231 300 1274 eum
321 1214 462 1273 inducere
478 1214 513 1274 ad
538 1231 639 1273 verum
655 1216 875 1275 conversionem
888 1259 896 1287 ,
908 1226 939 1276 ct
956 1215 1167 1275 consessionem

158 1301 305 1376 integram
322 1297 503 1373 iaciendum
517 1297 565 1357 isti
585 1299 664 1357 enim
679 1300 785 1376 perditi
797 1298 953 1370 homines,
967 1299 1081 1360 etiamsi
1095 1313 1166 1357 con·

159 1383 302 1443 fitcantur
312 1425 321 1453 ,
333 1380 371 1440 de
383 1381 460 1441 facili
481 1390 598 1459 peccata
610 1384 809 1442 committunt.
822 1384 929 1444 Eadem
943 1381 1063 1443 demdm
1075 1396 1167 1463 remeff

157 1465 207 1527 dia
222 1463 311 1543 suprb
333 1473 470 1524 annotata
484 1467 528 1525 itti
547 1466 737 1545 prescribit,
751 1485 858 1545 nempe
874 1477 907 1528 ut
924 1485 1001 1545 saepe
1021 1466 1058 1525 ad
1071 1467 1167 1524 Deum

157 1559 188 1610 et
201 1551 234 1610 B.
249 1546 404 1626 Virginem
426 1558 578 1609 recurrat:
594 1554 767 1627 frequenter
789 1553 908 1611 nomina
925 1552 993 1609 iesu
1016 1558 1046 1609 et
1069 1548 1167 1606 uaria

157 1635 297 1694 invocet:
314 1652 419 1710 aquam
431 1634 581 1694 lustralem
591 1645 620 1694 et
631 1637 725 1695 crucis
734 1637 850 1712 signum
864 1634 1000 1694 adhibeat
1014 1654 1023 1691 z
1038 1633 1167 1709 aliquam

157 1718 316 1796 reliquium
329 1727 358 1776 et
373 1719 563 1795 Evangelium
580 1731 678 1779 seeum
701 1721 776 1779 ierat
793 1741 801 1777 ε
823 1737 898 1796 saepe
912 1719 1001 1778 etiam
1017 1718 1166 1796 privatum

156 1803 290 1884 proferat
304 1803 498 1861 exorcismum
513 1847 521 1875 ‚
536 1811 625 1881 prout
639 1803 752 1863 dictum
765 1812 808 1863 est
817 1801 916 1880 suprb.
928 1801 1051 1862 Differat
1060 1800 1166 1860 deiude

155 1904 227 1947 cum
243 1885 395 1946 absolvere
407 1929 416 1957 ,
430 1886 481 1947 sed
499 1885 636 1947 hortetur
653 1897 687 1947 ut
704 1906 779 1965 saepe
792 1888 911 1958 redcat,
925 1895 959 1946 ut
972 1887 1012 1946 sie
1030 1884 1164 1966 cognosci

155 1971 431 2051 possit,quomodo
447 1987 478 2030 sc
496 1980 579 2049 gerat
596 1973 628 2032 in
650 1973 812 2033 resistendo
830 1971 921 2032 hostis
940 1971 1180 2057 invasionibus,

155 2064 188 2115 ct
200 2055 241 2113 in
262 2054 402 2114 remediis
418 2053 611 2116 adhibendis:
634 2075 688 2116 nce
703 2076 771 2118 cum
787 2057 937 2129 absolvat,
950 2058 1006 2118 uisi
1019 2067 1085 2135 post
1098 2058 1164 2117 lon·

154 2158 230 2218 gum
252 2141 509 2218 experimentum,
533 2143 606 2201 tales
625 2144 706 2201 euim
725 2144 948 2217 conversiones,
960 2152 995 2204 ut
1012 2142 1161 2216 diximus,

153 2223 228 2284 rorb
239 2232 310 2284 sunt
321 2240 416 2296 reru,
434 2233 464 2283 ct
478 2224 626 2287 rarissime
643 2237 872 2304 perseverantes.
919 2300 925 2328 ¹

402 2472 405 2479 Ι
507 2395 722 2458 caeremon
740 2399 818 2459 vm.

154 2549 205 2609 De
214 2518 373 2624 priideutio
392 2545 580 2626 confissnrii,
595 2550 623 2609 1.
634 2547 669 2609 in
684 2546 837 2629 seii'peudis
852 2551 1051 2631 opinionibus.
1067 2553 1112 2612 11.
1130 2550 1164 2611 io

194 2627 274 2689 cerri
291 2627 384 2705 eredis=
396 2629 543 2691 erroribus
562 2634 582 2690 ei
600 2650 630 2692 ae
649 2630 820 2693 eorrrrrrissis.
840 2636 904 2694 111.
923 2633 956 2693 in
976 2632 1163 2694 custodiendo

193 2711 256 2791 sipi
310 2710 526 2772 secranrenttiti.
541 2716 599 2777 IV.
615 2715 648 2774 in
664 2713 843 2791 excipiendis
856 2714 1085 2793 cerrfiessr'onibus
1097 2736 1163 2777 uiu-

194 2790 302 2856 diarum
313 2837 322 2867 ,
335 2791 452 2876 illisque
468 2797 641 2858 tractandis.

175 2980 247 3041 att.
256 2917 517 3043 uConrrssnrus
527 2999 674 3042 summam
685 2979 826 3044 adhibere
835 2981 924 3044 debet
934 2985 1121 3063 prudentiam
1133 2985 1164 3044 in

151 3063 316 3142 seligendis
326 3065 527 3142 opinionibus.
544 3064 597 3126 Hic
617 3085 678 3126 non
691 3069 796 3147 loquar
806 3068 843 3128 de
853 3071 1013 3146 quaestione
1024 3071 1064 3128 ita
1075 3068 1164 3128 hodie

152 3159 364 3219 conuocarsa,
386 3157 489 3209 utrum
509 3152 591 3228 sequi
611 3152 695 3212 liccat
712 3153 881 3231 opinionem
904 3153 1003 3214 minirs
1025 3153 1164 3232 probabi·

151 3236 234 3303 lem,
250 3242 281 3293 ct
297 3230 396 3292 minus
413 3241 508 3294 tutam
522 3236 554 3295 in
572 3254 715 3297 concursu
736 3239 967 3316 probabilioris?
981 3239 1050 3298 satis
1061 3238 1099 3298 de
1110 3237 1164 3300 hae

151 3318 263 3396 passim
277 3316 443 3394 loquuntur
455 3328 605 3392 auctores,
628 3331 658 3382 ct
676 3322 825 3400 praeeipue
840 3332 884 3382 tot
903 3323 981 3383 docti
995 3326 1161 3400 scriptores

152 3401 208 3479 qui
226 3419 326 3479 nuper
344 3399 382 3460 de
401 3419 435 3461 ea
456 3405 659 3481 seripserunt,
675 3409 707 3464 in
728 3401 836 3483 quibus
850 3405 981 3482 proiecti
1003 3407 1163 3467 desideras-

149 3502 236 3557 sem,
250 3494 287 3544 ut
306 3482 407 3562 potiris
422 3486 587 3547 rationibus
609 3489 699 3567 qnbm
720 3490 906 3548 mordacibus
924 3489 1162 3552 insectationibus

149 3569 311 3629 acritatem
325 3586 381 3628 nos
393 3569 570 3631 docuissent.
584 3573 802 3632 Tantummodo
819 3570 867 3633 hic
880 3583 1010 3653 repetam
1022 3576 1101 3653 qnod
1111 3594 1160 3635 su·

151 3652 254 3733 periris
270 3652 335 3712 dixi
355 3669 388 3714 rt.
405 3655 454 3715 tt.
467 3663 496 3716 ct
509 3656 557 3716 eo.
572 3653 639 3716 edm
659 3659 772 3736 egimus
787 3657 824 3720 de
844 3660 995 3802 occasionp
1005 3661 1158 3739 proxima,
