2642 4167
400 281 449 339 Ex
462 276 596 359 oneribus
607 276 760 339 Benedicti
769 278 860 340 XIV.
1075 279 1132 339 sot

130 382 260 444 decisum
276 380 367 442 relert
380 382 542 462 quoonus
560 380 591 439 in
611 381 681 459 Cap.
696 381 812 455 Queris
827 400 858 440 n.
880 380 928 439 18.
951 379 988 438 de
1009 387 1086 439 etat.
1103 387 1133 438 ct

130 466 232 545 qualit.
248 464 428 543 preficiend.

167 551 279 612 Clerieo
301 549 490 609 interdictum
512 557 556 609 cst
584 567 619 609 ex
637 549 853 609 Constitutione
874 551 906 610 S.
930 549 982 609 Pii
1010 550 1046 607 V.
1073 546 1133 621 Qut

129 634 230 696 ordini
239 678 248 703 ‚
264 634 386 709 nequid
399 634 429 692 in
449 643 621 692 testamento
636 634 784 710 relinquat
798 633 867 692 liliis
878 634 938 695 suis
952 632 1130 709 illegitimis,
1224 680 1227 685 .

130 737 292 797 eorumque
310 718 397 785 saliis,
412 737 444 777 ue
458 718 705 778 descendentibus
717 762 726 784 ,
740 719 979 795 consanguineis,
992 724 1022 775 et
1037 714 1133 774 affini-

130 804 203 872 bus,
217 804 278 862 sive
301 821 336 861 cx
351 801 497 862 reditibus
521 821 556 862 cx
579 802 664 862 bonis
677 803 893 871 ecclesiasticis,
917 804 979 861 sire
992 819 1026 860 ex
1041 798 1134 877 patri-

131 886 308 948 monialibus
324 888 515 964 comparatis.
530 887 643 954 etiamsi
658 886 711 945 biii
730 886 771 944 illi
792 895 859 944 ente
874 895 1041 946 testatorem
1054 884 1134 943 obie-

130 970 203 1030 rint.
228 972 363 1029 dttumcn
379 971 490 1030 sanctio
513 971 565 1029 isla
588 975 648 1028 non
673 970 801 1029 exclanlit
816 967 974 1047 qrromiueis
996 971 1133 1028 alimenta

132 1054 203 1115 liliis
220 1053 380 1131 illegitimis
403 1055 567 1113 debeantur
589 1055 677 1113 etiam
703 1073 738 1113 cx
760 1053 904 1113 reditibus
925 1053 1132 1112 ecelesiasticis.

132 1137 207 1199 cum
218 1135 289 1197 verd
302 1147 419 1196 rotatur
430 1139 558 1214 legatum
574 1138 602 1196 in
615 1138 745 1198 savorem
763 1138 1045 1215 consanguineorum
1058 1135 1135 1212 ejus-

133 1220 200 1280 dcm
223 1220 297 1289 tbi,
321 1220 508 1281 hortantium
530 1224 607 1281 valet
623 1223 654 1280 in
675 1241 763 1290 casu,
787 1239 845 1298 quo
867 1222 966 1280 relicta
985 1220 1047 1295 ojus
1065 1238 1135 1278 con·

132 1304 298 1381 sangunincis
328 1323 381 1382 per
410 1305 567 1381 quemdam
594 1306 751 1364 circuitum
775 1305 879 1364 cedant
899 1305 929 1361 in
947 1303 1133 1363 commodum

134 1386 265 1463 ejusdem
275 1387 329 1448 lilii
348 1389 505 1466 illegitimi.
520 1392 562 1448 De
573 1391 644 1467 Syn.
663 1391 754 1449 Dioec.
768 1389 790 1448 1.
806 1390 851 1447 15.
865 1408 890 1448 c.
902 1389 951 1449 91.
965 1406 994 1447 u.
1006 1389 1055 1445 91.

386 1564 590 1625 eouctttttu
609 1564 885 1625 uutueurtnuu.
985 1624 991 1635 ,

173 1734 361 1795 Consuetudo
383 1734 527 1794 contraria
550 1734 682 1792 Decretis
698 1735 770 1792 sacri
793 1735 882 1792 Cone.
905 1732 987 1791 trid.
1011 1750 1071 1793 nou
1095 1742 1139 1793 est

135 1818 329 1887 attendenda,
344 1819 412 1897 qnia
426 1819 457 1876 in
474 1815 616 1876 BulldI't'i
630 1818 680 1875 tv.
694 1836 759 1895 quae
771 1818 879 1894 legitur
892 1819 921 1875 in
935 1816 993 1875 line
1008 1816 1138 1891 ejusdem

137 1903 278 1974 concilii,
303 1904 410 1979 legitur
432 1902 583 1960 decretum
601 1900 720 1959 irritans
742 1920 774 1960 ea
799 1903 915 1976 omniu,
937 1921 1003 1979 quoe
1024 1903 1141 1962 obstent

137 1986 232 2046 eidem
261 2005 342 2046 sucro
369 1987 517 2056 Concilio,
546 2003 582 2044 ex
608 2002 669 2061 quo
690 1985 743 2054 fit,
768 1994 801 2045 ut
828 1986 953 2044 irritatio
978 1986 1031 2044 ista
1058 1988 1141 2046 eadat

136 2069 224 2146 sapiu
254 2072 352 2130 omnia
383 2070 527 2129 obstantia
564 2066 688 2148 singulis
718 2070 860 2148 Capitulis
892 2069 1036 2147 ejusdem.
1065 2072 1137 2133 lust.

137 2156 245 2214 Eeelcs.
259 2157 309 2214 (10.
324 2175 354 2215 n.
370 2158 401 2214 7.

174 2239 250 2299 Ctim
272 2241 302 2297 iu
324 2238 523 2298 sanctionibus
535 2239 656 2300 Concilii
672 2241 809 2302 additur:
824 2238 908 2303 saled
919 2259 1032 2321 scrrrpcr
1043 2251 1142 2303 aucto·

136 2322 336 2384 riletofSedie
367 2318 559 2403 Apostolum}
581 2342 647 2401 quoe
673 2325 761 2382 verba
785 2344 901 2405 semper
926 2324 1024 2384 udditu
1050 2327 1143 2383 voluit

136 2408 219 2467 idem
242 2407 407 2466 Concilium
425 2425 495 2467 sess.
512 2410 561 2466 95.
584 2427 648 2485 cup.
667 2405 770 2467 Finol.
794 2409 862 2469 oiim
880 2410 917 2468 de
935 2409 1143 2468 reformatione

137 2509 276 2564 morum,
300 2500 329 2550 ct
353 2492 543 2552 ecelesiastici
563 2491 718 2568 disciplina
740 2494 856 2570 agitur,
880 2502 950 2551 tunc
973 2494 1003 2551 in
1026 2493 1145 2568 dispen-

136 2575 333 2637 sationibnsit
356 2579 486 2636 llomano
508 2572 648 2634 Pontilice
669 2579 811 2635 concessis
832 2594 948 2652 semper
970 2578 1145 2653 intelligitur

135 2660 313 2737 derogatum
330 2662 471 2722 sanctioni
487 2659 550 2736 cjns
569 2660 711 2727 concilii,
727 2661 841 2720 etiamsi
852 2659 1071 2736 hoecderogatio
1086 2679 1144 2723 nou

136 2744 339 2819 exprimatur,
351 2744 434 2821 juxta
455 2764 488 2805 ae
507 2744 647 2804 delinivit
660 2746 693 2803 S.
706 2746 781 2805 Pius
800 2745 834 2803 V.
857 2745 888 2801 in
910 2760 963 2803 suo
982 2750 1062 2801 nictu
1077 2761 1146 2819 pro-

136 2830 208 2904 prio
230 2828 308 2904 apud
331 2829 470 2890 Graeciam
493 2829 531 2888 de
545 2830 645 2887 Benci.
665 2839 743 2908 port.
766 2831 795 2886 1.
819 2847 845 2887 e.
868 2829 897 2887 5.
917 2844 947 2885 n.
973 2828 1022 2885 59.
1044 2835 1073 2884 et
1096 2828 1144 2886 55.

135 2920 169 2970 ct
195 2913 310 2971 censuit
336 2913 365 2972 S.
381 2915 471 2990 Cong.
498 2915 586 2972 Cone.
609 2915 652 2972 De
672 2916 745 2991 Syn.
763 2915 855 2973 Dioec.
870 2911 923 2970 lib.
943 2912 991 2970 15.
1015 2928 1078 2987 cup.
1097 2913 1145 2969 91.

136 3013 226 3054 nrum.
245 2996 295 3057 95.

579 3143 721 3204 coneto,

181 3317 304 3381 Porocbi
323 3319 431 3397 singuli
445 3328 584 3378 tenentur
601 3321 771 3380 concionem
788 3319 896 3381 habire
916 3321 949 3381 in
971 3320 1032 3379 suis
1053 3321 1149 3380 Eccle-

134 3405 207 3481 siis,
226 3422 283 3463 nee
308 3414 487 3464 excusantur
507 3421 542 3461 ex
558 3404 771 3464 consuetudine
790 3406 878 3464 ctiam
902 3404 1149 3474 immemorabili,

134 3490 206 3549 sive
223 3487 305 3565 quiid
327 3489 359 3547 in
378 3489 443 3547 aliis
458 3488 590 3546 Ecclesiis
611 3488 766 3548 conciones
781 3486 959 3566 habeantur,
975 3492 1036 3557 sire
1050 3507 1085 3548 ex
1107 3490 1152 3549 in·

135 3572 292 3650 frequenti
306 3571 477 3632 auditorum
497 3589 632 3630 numero.
654 3574 697 3630 Ita
717 3572 820 3631 Ionoc.
836 3574 932 3631 XIII.
953 3574 982 3632 iu
1004 3575 1056 3633 sad
1076 3574 1152 3633 Cou-

132 3656 300 3716 stitulionc
323 3672 379 3731 pro
405 3655 594 3715 relormondl
619 3654 773 3733 disciplind
801 3673 960 3732 regnorum
986 3657 1151 3733 Hispaniae,

937 3740 999 3796 tt..
