2642 4167
304 236 306 239 .
410 170 461 243 Es
478 176 775 259 epuiioalteaedicti
784 178 874 242 XIV.
1088 186 1146 248 tot

140 295 242 353 sensus
258 279 473 353 intercesserit,
492 280 706 357 potestatique
724 280 832 341 mulier
844 282 1018 360 religionem
1031 283 1146 364 ingredi

140 362 230 442 (idem
254 361 292 422 de
310 363 375 423 viro
395 362 534 440 dixeris),
549 374 579 424 et
596 365 626 425 in
647 367 680 426 ei
698 366 829 443 profiteri
842 387 851 443 3
865 366 887 425 si
910 377 1007 428 tamen
1026 375 1056 428 et
1072 371 1146 430 alter

139 445 428 529 eenjrtxeonsentiat
446 449 477 509 in
501 449 676 527 religionem
695 448 833 527 ingredi,
855 451 880 510 si
898 449 1000 527 junior
1018 462 1079 522 est,
1099 452 1146 513 sel

139 532 163 593 si
182 549 272 592 senex
291 533 442 603 extiterit,
457 534 575 593 emittat
594 541 695 605 totum
715 533 840 611 simplex
859 532 1009 594 eastitatis.
1027 534 1056 594 si
1076 536 1146 596 sord

139 618 175 677 atr
194 618 359 687 alterutro,
378 619 424 677 tel
448 627 602 678 revosetur
619 636 778 676 ¹consensus
798 617 890 678 libere
913 619 1059 696 praestitus
1078 629 1146 679 aute

139 701 261 760 nlterius
284 702 514 780 professionem,
541 701 588 779 vel
612 702 701 761 etiam
725 711 789 778 post
813 702 1021 779 professionem
1050 702 1147 764 stolidis

138 784 293 861 emissam,
311 785 335 843 si
355 804 414 844 non
432 785 598 863 adimpletae
617 784 731 844 luerint
751 786 932 846 conditiones
948 785 1083 863 superuis
1101 805 1147 846 ex·

138 885 264 947 pressae,
278 867 385 944 conjux
406 869 559 947 religiosus
577 886 611 927 eo
630 878 748 945 petente
764 871 862 948 egredi
878 868 895 930 ie
910 871 1051 948 religione
1066 882 1147 930 tene-

137 962 211 1021 tur,
222 962 256 1013 ut
274 952 431 1015 definitum
446 955 477 1012 in
494 955 714 1030 oapPreoteree
724 997 733 1026 ,
744 951 779 1014 de
793 972 921 1014 convers.
942 952 1058 1034 eorejtg.
1073 954 1144 1014 Cnn.

140 1037 219 1111 Quia
239 1036 370 1117 Agatho,
389 1054 471 1098 oeus.
492 1040 542 1101 27.
574 1056 624 1116 qu.
650 1038 681 1109 2.
702 1056 766 1117 cap.
789 1038 864 1098 Ctim
881 1037 939 1112 sis,
957 1034 992 1098 oe
1011 1057 1143 1099 convers.

138 1120 254 1201 corp'ug.
268 1122 343 1185 ibid.
361 1142 393 1183 n.
409 1126 456 1183 10.
476 1125 524 1184 11.

175 1208 242 1283 Nou
265 1206 336 1268 vcro
357 1208 486 1280 suffieit,
506 1207 547 1282 si,
565 1208 689 1266 muliere
711 1208 885 1285 religionem
909 1209 1036 1287 ingressi
1048 1251 1057 1279 ‚
1071 1208 1146 1269 altor

137 1290 245 1367 conjnx
258 1310 317 1355 nou
328 1310 415 1357 senex
431 1310 527 1352 saeros
539 1291 657 1351 ordines
669 1294 822 1369 suscipiat,
835 1310 870 1351 ex
883 1294 1034 1352 constitut.
1047 1295 1144 1353 loun·

135 1376 474 1456 aioXXll.1lntiquae‚
491 1376 538 1439 tit.
555 1377 601 1435 De
616 1374 679 1437 voti
696 1373 902 1455 redemptione.
921 1376 996 1436 lbid.
1011 1393 1041 1435 n.
1058 1378 1107 1436 ll.

175 1461 205 1520 st
229 1459 299 1520 vend
318 1460 448 1536 legitimis
468 1461 622 1537 probatum
635 1460 725 1521 fuerit
743 1460 922 1521 adulterium
946 1460 1064 1530 uxoris,
1078 1477 1146 1537 quoe

136 1546 205 1607 dein
225 1547 329 1606 transit
341 1546 376 1606 ad
390 1546 582 1623 religionem,
601 1556 672 1606 tuno
685 1547 833 1623 integrum
849 1548 913 1606 viro
929 1553 973 1605 est
995 1546 1025 1603 in
1041 1546 1145 1606 saeculo

136 1629 278 1706 mandre,
301 1631 464 1691 dummodo
487 1640 585 1690 marren
610 1632 750 1691 castitatis
774 1640 876 1690 votum
895 1630 1020 1689 emittet.
1042 1631 1086 1688 lta
1108 1648 1144 1689 ex

135 1713 223 1775 deris,
240 1712 257 1783 ir
273 1715 302 1775 S.
316 1718 424 1793 congr.
438 1714 565 1789 ibid-n.
582 1716 631 1777 16.

173 1798 251 1872 Quin
273 1810 302 1860 et
325 1800 355 1859 in
377 1818 413 1858 eo
433 1818 523 1869 casu,
548 1799 573 1857 si
597 1817 633 1858 ex
656 1798 790 1877 Episcopi
814 1796 984 1858 testimonio
1010 1803 1142 1872 constet,

134 1882 234 1957 viriam
254 1884 284 1943 in
306 1886 412 1944 soeeulo
432 1894 601 1949 monentem
624 1884 692 1942 site
716 1900 778 1941 esse
801 1882 952 1961 probatae,
974 1881 1145 1942 conceditur

133 1967 177 2026 illi
199 1986 252 2046 per
275 1969 441 2049 indultum,
465 1969 599 2028 utnulla
621 1986 652 2026 se
677 1967 815 2027 eastitatis
834 1977 903 2026 soto
927 1966 1055 2045 obliget,
1070 1964 1143 2026 sded

135 2060 166 2111 ut
189 2061 255 2129 post
279 2055 379 2115 uxoris
403 2062 529 2114 mortem
552 2055 643 2131 possit
669 2052 706 2111 ad
724 2052 794 2113 alies
812 2054 930 2130 nuptias
949 2053 1083 2135 transire.
1099 2052 1147 2113 lta·

28 2146 29 2149 ’
76 2121 79 2126 ’
133 2150 171 2193 ox
188 2136 324 2197 resolutis
342 2135 465 2214 itCoug.
486 2136 560 2197 thid.
575 2155 606 2195 n.
626 2138 674 2195 16.

172 2220 346 2294 Coneemum
362 2230 406 2279 ost
425 2220 514 2281 etiam
529 2221 688 2299 aliquando
713 2219 861 2280 indultum
877 2221 944 2281 viro
956 2223 1143 2300 sexagenario

133 2301 261 2379 majori,
284 2313 317 2367 ut
342 2304 503 2367 snoeedotio
528 2305 638 2364 initiari
661 2316 778 2383 posset,
800 2305 962 2365 dummodo
985 2324 1059 2363 uxor
1082 2303 1142 2365 sere

133 2392 320 2466 sexagenaria
330 2400 503 2468 perpetuam
515 2390 676 2449 castitatem
686 2400 816 2449 voveret.
831 2388 907 2448 ibid.
917 2392 1144 2448 conoessumest

132 2472 241 2545 cunm,
263 2482 299 2532 ut
317 2476 364 2534 vir
385 2473 627 2553 septuagenarius
646 2473 684 2532 de
710 2490 852 2532 consensu
878 2473 976 2531 uxoris
999 2474 1142 2548 acciperet

132 2574 228 2623 saeros
242 2559 380 2630 ordines,
394 2569 424 2617 ot
437 2576 513 2618 uxor
529 2557 608 2635 paris
621 2558 715 2616 etatis
728 2555 878 2616 Tertiariee
890 2552 1025 2613 habitum
1037 2551 1143 2615 indue-

131 2648 196 2711 ret,
216 2641 380 2705 dummodo
398 2642 527 2700 ‹liverses
542 2639 665 2700 omnino
681 2640 757 2700 oedos
775 2638 945 2699 incolerent.

170 2726 206 2785 ln
219 2727 353 2805 ingressu
370 2726 545 2787 monialium
566 2724 598 2784 iu
623 2726 833 2785 monasterium
858 2721 934 2782 dotis
955 2723 1062 2782 solutio
1090 2740 1142 2802 ap·

52 2874 56 2883 ,
132 2810 275 2888 probetur
292 2829 346 2883 ea,
366 2829 433 2889 qum
455 2811 543 2869 datur
570 2829 630 2870 non
651 2809 687 2869 ad
705 2811 868 2889 ingressum
892 2809 923 2866 in
943 2807 1141 2886 religionem,

132 2897 181 2955 sod
201 2914 258 2973 pro
279 2904 452 2973 contractu,¹
471 2896 639 2971 quemfecit
660 2895 763 2972 religio
777 2912 844 2954 oum
865 2893 939 2962 itta,
955 2912 1021 2971 quse
1044 2892 1142 2970 ingre·

132 2979 234 3051 ditur,
259 2980 392 3058 olligens
414 2997 475 3039 sese
489 2979 527 3038 ad
544 2977 607 3055 ejus
628 2982 882 3041 sustentationem.
903 2978 933 3037 Si
950 2977 1020 3038 verit
1040 2996 1143 3037 mona·

132 3066 253 3127 sterium
266 3083 319 3143 per
328 3065 405 3125 sesit
415 3063 543 3131 dives,ut
553 3064 685 3125 sufficere
695 3082 731 3124 ex
737 3067 797 3125 suis
809 3063 900 3142 possit
912 3060 1086 3123 monialium
1094 3058 1143 3120 su·

131 3150 323 3219 stentationi,
343 3157 414 3209 tune
433 3149 535 3225 utique
552 3158 703 3227 prestaret
727 3150 828 3210 dotem
854 3147 1055 3218 imminuere,
1070 3147 1142 3226 quin

132 3234 222 3297 eam
239 3231 361 3311 penitus
379 3233 554 3303 remittere,
572 3229 751 3312 quamquam
771 3234 801 3293 id
825 3233 971 3312 egendum
994 3251 1053 3293 non
1075 3242 1141 3307 est,

132 3317 189 3381 nisi
211 3316 296 3396 priris
322 3317 456 3378 consulti
477 3318 510 3378 S.
528 3319 673 3397 Congreg.
700 3319 835 3395 Cenulii.
857 3320 899 3377 De
919 3316 1031 3395 Synod.
1054 3317 1140 3381 disee,

132 3402 155 3458 l.
176 3402 224 3469 tt,-
239 3403 309 3469 ,6.6.
324 3419 355 3463 n.
376 3403 406 3462 6.
1135 3459 1137 3465 ,

169 3484 275 3557 Quoad
306 3485 452 3564 prandia,
471 3502 568 3546 eoenns
590 3493 622 3546 et
645 3490 789 3557 munera,
809 3503 876 3566 quse
901 3478 1141 3566 nb'ingredieuto

132 3569 279 3635 moniales
291 3570 414 3652 exigunt
426 3613 434 3644 ‚
448 3587 637 3649 perseverare
647 3580 747 3631 censet
760 3570 894 3634 Pontitex
911 3568 1140 3649 prohibitionem
