2642 4167
193 220 232 280 52
396 246 400 255 ·
474 216 587 279 Proseis
605 212 789 295 eotcseseora'i.
806 216 921 295 apd.

193 321 299 382 neturd
320 321 372 383 suh
389 318 544 394 talis-cst3
565 315 726 378 dummodb
750 315 806 377 hoc
834 335 894 377 non
915 315 1084 392 diceretur,
1115 326 1150 380 nt
1171 321 1200 382 ei

192 402 288 465 honor
302 411 509 481 prestaretur3
526 412 578 462 aut
597 402 696 462 dicere
715 398 821 476 vulgo,
842 408 928 461 coeto
948 400 1010 461 Dic
1012 445 1069 462 .....
1081 447 1092 480 ,
1111 412 1198 465 sonte

193 488 297 548 Dione
310 487 384 566 (ait.
399 489 429 548 h.
441 507 474 548 n.
486 487 579 562 lib).
593 489 756 562 interroget
765 486 795 544 8.
811 486 926 562 quoties
939 489 969 545 ct
979 486 1037 563 quai
1050 489 1201 549 occasione

192 569 425 649 blasphemavit3
445 573 469 631 si
493 572 523 632 in
543 569 613 629 ludo
630 612 639 640 ,
656 578 708 628 aut
729 568 761 627 in
782 585 933 645 caupona,
953 577 1005 628 eut
1024 572 1199 639 venatione.

193 664 223 714 et
242 653 259 715 h
277 664 389 733 quanto
408 664 543 732 tempore
558 662 694 712 versetur
711 652 742 710 in
767 650 824 711 hoc
837 651 934 710 vitio?
954 661 987 711 nt
1001 664 1152 731 eognoscat
1173 657 1201 716 si

192 747 235 798 est
254 738 420 811 recidivus,
438 747 489 797 aut
514 738 537 797 si
563 738 602 796 sit
623 736 655 795 in
677 735 827 796 occasione
846 736 981 813 proxima
997 779 1006 809 ,
1025 756 1115 815 quam
1136 756 1200 815 pm·

191 823 288 881 nitens
302 830 436 881 teneatur
447 820 573 880 auferre.

230 937 279 997 5t.
303 937 467 1012 Interroget
483 935 573 995 ctiam
589 933 613 993 si
632 930 847 1011 blasphemavit
869 951 967 994 coram
984 934 1072 1010 filiis,
1089 944 1140 995 ant
1155 938 1201 997 ia·
1306 937 1307 1010 3

191 1022 302 1096 mulis3
321 1030 390 1080 tuuc
414 1021 512 1089 enim,
528 1029 635 1097 praeter
652 1016 844 1095 blasphemiae
870 1028 1045 1096 peceatum,
1068 1023 1201 1099 peccavit
1306 1027 1307 1078 t

192 1108 281 1165 ctiam
296 1106 441 1164 seandalo.
458 1100 584 1162 Demirm
598 1099 646 1162 hic
655 1102 730 1161 addo
740 1119 808 1161 cum
820 1103 949 1180 quodam
959 1103 1045 1163 docto
1058 1105 1198 1174 Auctore,
1306 1101 1307 1106 ’

191 1188 437 1268 blasphematores
448 1204 507 1246 noo
516 1183 676 1246 excusarib
691 1193 809 1263 peccato
820 1188 902 1263 gravi
914 1229 922 1258 ‚
937 1185 973 1247 eb
985 1186 1064 1264 qubd
1078 1199 1201 1266 propter

185 1275 252 1334 'vim
266 1271 382 1332 habitis
405 1271 492 1339 mali,
512 1279 563 1329 aut
584 1268 789 1329 vehementem
805 1270 897 1329 animi
918 1271 1144 1331 commotionem
1160 1273 1201 1332 ad

191 1358 286 1426 iram,
301 1374 362 1416 non
382 1354 564 1415 adverterint
592 1350 673 1414 adid
697 1352 776 1430 quod
803 1352 958 1431 dicebant3
977 1355 1046 1431 quia
1069 1353 1101 1416 hi
1122 1357 1202 1418 male

191 1440 335 1501 habitanti
352 1484 360 1512 ‚
378 1436 447 1499 lieet
470 1436 597 1496 habeant
623 1436 821 1514 cognitionem
846 1435 945 1498 minuis
960 1438 1091 1498 vivacem
1110 1441 1200 1510 aliis,

191 1526 243 1603 qui
259 1543 346 1585 usum
367 1520 590 1602 blasphemandi
617 1540 678 1581 non
705 1529 915 1581 contraxerunt
933 1567 942 1594 ‚
959 1532 1057 1583 tamen
1084 1541 1203 1604 semper

190 1606 299 1670 habent
318 1627 382 1668 cam
406 1608 548 1667 actualem
561 1606 761 1683 cognitionem
785 1607 978 1667 sufficientem
1000 1608 1037 1667 ud
1059 1607 1138 1677 hoc,
1162 1616 1201 1667 ut

189 1704 270 1755 nctus
287 1695 326 1754 sit
350 1694 548 1763 deliberatus,
568 1701 599 1752 et
618 1691 747 1771 graviter
766 1692 993 1767 peccaminosus.
1016 1692 1090 1753 Cdm
1115 1693 1200 1754 eninr

189 1780 245 1857 ipsi
258 1779 332 1849 tanti
346 1779 415 1839 mali
429 1796 491 1839 non
510 1777 621 1837 iaciunt
638 1786 805 1856 peccatum,
821 1776 885 1838 ideb
900 1778 932 1837 in
945 1796 999 1837 suo
1012 1778 1112 1838 animo
1126 1781 1199 1840 nul·

189 1864 253 1923 lum
280 1862 369 1941 hujus
393 1865 510 1923 sceleris
532 1880 649 1921 sensum
679 1863 894 1938 experiuntur,
921 1864 1006 1923 sicuti
1032 1864 1200 1942 perciperet

189 1949 285 2019 alius,
300 1949 352 2025 qui
380 1957 455 2007 esset
475 1946 660 2007 conscientiae
686 1963 746 2005 non
771 1953 832 2004 tam
849 1945 1040 2024 depravatae3
1064 1955 1095 2008 et
1124 1948 1199 2012 hinc

188 2035 285 2093 oritur
306 2032 386 2111 qubd
405 2034 437 2092 in
454 2049 558 2092 eorum
573 2040 692 2103 mente,
713 2048 751 2091 nc
769 2032 887 2110 signum
899 2032 1019 2109 quidem
1041 2046 1196 2096 remaneat

74 2173 78 2186 ,
188 2117 309 2177 actualis
331 2117 533 2193 cognitionis,
553 2133 643 2193 quam
671 2115 702 2175 in
728 2125 846 2191 peceato
865 2114 1033 2177 habuerunt
1060 2136 1068 2173 ι
1094 2127 1145 2178 aut
1168 2122 1200 2180 si

188 2201 344 2277 vestigium
369 2199 490 2277 aliquod
513 2197 688 2276 cognitionis
703 2198 901 2275 relinquitur,
917 2208 961 2259 cst
989 2200 1028 2260 ita
1048 2201 1134 2274 lere,
1158 2212 1199 2262 ut

186 2283 358 2361 interrogati
374 2283 497 2343 faciliter
515 2283 712 2360 respondeant
724 2300 756 2341 se
781 2299 841 2341 non
858 2282 1097 2352 animadvertisse
1111 2306 1120 2343 ι
1140 2288 1195 2347 sed

187 2368 311 2446 diligens
325 2368 514 2427 coniemarius
526 2367 638 2428 nullam
657 2367 688 2425 in
702 2364 758 2425 hoc
776 2366 864 2426 debet
876 2366 918 2427 eis
932 2377 1070 2444 praestare
1080 2368 1170 2429 iidem
1185 2392 1195 2446 3

186 2460 217 2512 et
229 2468 325 2529 neque
340 2450 426 2510 dehet
438 2450 476 2509 ab
497 2449 543 2510 his
556 2450 715 2522 sciscitari,
733 2468 772 2509 an
794 2449 979 2511 adverterint
999 2469 1053 2511 nec
1072 2470 1127 2525 ne,
1139 2457 1195 2515 sed

186 2535 361 2614 accipiendae
373 2542 443 2594 sunt
460 2552 582 2604 omnes,
599 2540 633 2593 ut
649 2551 729 2595 verae
744 2533 933 2614 blasphemiae
955 2536 1100 2611 actuales,
1113 2555 1194 2601 sem·

186 2638 240 2699 per
254 2637 287 2681 ae
300 2619 356 2699 ipsi
374 2619 504 2682 sciebant
517 2619 588 2681 tales
602 2635 675 2681 csse.

223 2756 391 2888 'dininas
416 2823 470 2885 ill.
490 2830 679 2907 preceptum.
695 2825 798 2901 Quoad
821 2827 1029 2906 obligationem
1050 2828 1192 2888 audiendi
1301 2831 1302 2838 ’

184 2907 305 2966 Sacrum
326 2907 428 2967 diebus
443 2908 542 2985 lestis,
562 2911 725 2989 interroget
749 2913 941 2991 poenitentem
958 2955 966 2981 ‚
988 2913 1016 2971 si
1035 2912 1195 2988 aliquoties
1301 2919 1302 2936 ¹

184 2991 305 3048 Sacrum
319 2990 473 3050 omiserit?
487 2996 517 3050 et
533 2992 558 3052 si
579 2992 709 3054 advertit
726 2995 763 3055 ad
780 2995 992 3056 omissionem?
1010 3014 1047 3053 an
1071 2994 1194 3054 dubita·

182 3074 259 3133 verit
277 3082 410 3151 tempore
429 3092 488 3151 quo
502 3076 624 3135 Sacrum
642 3077 745 3138 audire
758 3084 895 3156 poterat?
908 3081 1018 3138 etenim
1037 3079 1194 3138 multoties

182 3159 326 3235 poenitens
344 3160 381 3218 ad
403 3158 507 3222 horam
535 3160 649 3221 tardam
673 3164 793 3224 Sacrum
818 3163 921 3224 audire
939 3163 1100 3234 differens,
1119 3162 1194 3223 lieet

184 3260 251 3302 casu
266 3246 412 3322 repererit
427 3245 568 3315 Sacrum,
585 3252 614 3305 ct
638 3246 682 3305 illi
704 3249 889 3320 interfuerit,
913 3246 1107 3309 nihilominus
1123 3249 1194 3309 sinc

180 3323 258 3405 justo
275 3346 359 3388 causa
379 3328 410 3386 in
425 3329 589 3406 periculum
604 3329 678 3389 illud
692 3334 848 3391 omittendi
862 3350 894 3391 se
909 3331 1030 3408 injecit,
1044 3330 1193 3392 etdehoe
1299 3339 1300 3352 ²

180 3410 270 3470 rudes
288 3430 347 3472 non
365 3430 396 3471 sc
415 3421 560 3473 accusant.
572 3415 648 3474 item
668 3415 692 3475 si
709 3419 854 3493 paenitens
873 3434 905 3476 se
918 3416 1064 3476 accusabit
1082 3434 1114 3475 se
1132 3417 1190 3475 Sa·

183 3513 265 3556 erum
286 3496 613 3577 omisissatnterrogee
638 3499 675 3558 de
699 3519 803 3576 causa,
821 3520 858 3559 an
884 3511 1004 3579 propter
1030 3501 1190 3560 necessita·

181 3588 260 3653 tem,
275 3587 309 3639 ut
321 3580 552 3642 acciditlamulis
562 3584 613 3662 qui
624 3600 685 3645 non
696 3594 814 3663 possunt
825 3601 942 3664 gregem
959 3584 1167 3662 derelinquere
1178 3626 1194 3659 s
1230 3614 1234 3620 ·
