2642 4167
409 172 870 254 scoperamaacaaateaatv.
1085 178 1143 241 'a'llb

137 290 168 341 se
187 273 373 354 suspendisse
391 274 540 347 tulerat.
559 276 621 341 slve
643 296 709 355 quaa
730 275 926 352 quarumdam
945 276 1143 356 indulgentia·

37 372 43 377 ’
137 378 205 421 rum
229 359 380 421 occasione
408 359 631 435 conceduntur,
656 362 719 422 sive
742 379 808 438 quae
833 361 890 421 alii
913 360 951 421 de
974 363 1058 423 causa
1080 364 1140 425 aol-

136 444 203 504 latae
221 453 303 505 sunt.
382 501 385 513 ,
429 480 433 487 ·

174 538 365 616 Regularium
387 538 582 617 caniculares
599 538 734 618 excipere
746 534 869 625 possunt
882 540 1139 605 RomaePoeniten-

135 621 213 680 tiarii
226 623 433 699 Basilicarum,
453 622 522 683 licet
541 621 611 683 ants
629 622 746 683 obstent
765 623 936 683 eorumdem
949 624 1138 703 Regulnrium

134 706 378 780 constitutiones,
392 708 440 768 vel
460 706 644 786 privilegiata
662 708 694 767 S.
712 709 786 767 Sede
804 708 974 786 approbata.

171 797 300 867 Minores
320 799 535 865 penitentiarii
557 803 659 860 nomae
678 809 859 862 commutare
879 809 1001 878 possunt
1021 799 1138 880 dispen-

131 880 248 951 sando,
266 898 328 944 non
347 882 444 949 solum
462 890 530 945 rota
553 884 653 956 nuda,
671 883 723 944 sed
740 893 852 961 atquae
873 883 1043 946 confirmata
1067 894 1137 945 sunt

129 964 313 1042 juramento.

171 1057 247 1115 ltcm
268 1055 418 1118 absolvere
442 1066 564 1136 possunt
589 1057 753 1118 sacerdotes
781 1074 848 1118 ceos
874 1074 1087 1131 censurarum,
1105 1069 1135 1119 et

130 1140 300 1217 dispensare
321 1142 352 1200 in
377 1141 591 1218 irregularitate
611 1143 760 1201 contracti
775 1142 813 1201 ob
831 1142 1018 1202 violationem
1032 1143 1135 1202 censu&

128 1243 233 1286 rarum
257 1227 483 1301 tantummod03
508 1227 587 1303 quod
610 1235 640 1285 et
668 1235 807 1303 prestare
830 1236 952 1304 possunt
977 1245 1044 1288 eum
1069 1227 1134 1287 aliis

129 1311 220 1370 etiam
241 1309 353 1370 clericis
369 1328 429 1371 non
448 1310 658 1371 sacerdotibus.

168 1411 200 1469 Si
220 1412 287 1489 quis
304 1420 348 1471 est
366 1411 548 1488 dispensatus
562 1410 579 1470 ia
592 1411 758 1471 visitatione
772 1411 976 1485 Basilicarum,
991 1428 1051 1472 non
1063 1429 1134 1473 eon-

129 1495 219 1557 tiund
230 1505 274 1556 est
284 1495 466 1573 dispensatus
479 1495 517 1554 ab
530 1495 595 1554 aliis
610 1496 749 1572 operibus
769 1494 924 1571 injunctis,
937 1513 1033 1572 neque
1044 1497 1134 1557 ctiam
1171 1524 1174 1529 ·

127 1580 144 1641 b
165 1581 318 1658 precibus,
332 1599 398 1660 qaae
415 1581 436 1639 d
453 1577 655 1640 Basilicarum
670 1578 839 1639 uisitatione
851 1577 987 1658 separari
997 1586 1130 1657 poaaaat.

126 1665 189 1726 Nec
213 1663 360 1724 sufficiunt
383 1682 416 1723 ca
438 1682 526 1741 opera
550 1662 705 1738 injuncta,
730 1662 885 1739 quoequis
907 1663 1022 1721 exalia
1045 1663 1132 1722 titulo

126 1756 267 1826 praestare
286 1740 356 1808 aliis
379 1757 513 1821 tenetur,
528 1747 619 1825 puta,
638 1748 727 1807 titulo
742 1746 875 1822 justitior.

163 1839 363 1899 Conlessarius
375 1858 470 1917 neque
484 1840 519 1897 in
538 1837 659 1915 jubilaeo
680 1844 776 1916 potest
792 1837 1061 1910 absolventium,
1078 1839 1130 1916 qui

124 1939 225 1987 secum
245 1924 303 1987 luit
323 1941 390 1982 reas
410 1922 544 1982 criminis
560 1923 592 1981 in
609 1940 643 1982 re
659 1921 793 1981 venerei.

163 2016 313 2077 Concessis
323 2017 377 2076 sibi
390 2017 578 2077 facultatibus
599 2017 643 2076 uti
657 2024 810 2093 noqueunt
821 2016 1033 2078 Poenitentiarii
1049 2027 1131 2080 extra

123 2101 279 2178 Basilicas,
296 2119 349 2163 seu
365 2102 503 2160 Ecclesiae
522 2101 577 2160 sibi
599 2102 756 2178 assignatas
769 2143 776 2169 ‚
790 2117 844 2159 nec
855 2100 911 2159 nisi
932 2102 964 2161 in
980 2111 1045 2162 actu
1060 2111 1139 2162 con-‘

123 2184 277 2256 sessionis,
301 2202 396 2262 neque
418 2202 485 2242 cunr
510 2185 563 2254 iis,
585 2185 694 2261 quibus
721 2184 833 2243 sincera
859 2186 995 2245 voluntas
1015 2186 1128 2262 jubilaei

122 2268 294 2345 acquirendi
314 2270 404 2328 deest.
426 2270 506 2340 Quos
531 2278 629 2328 tamen
648 2269 824 2338 absolvunt,
847 2267 904 2327 illis
925 2271 1129 2347 paenitentiam
1235 2282 1239 2288 ‘

122 2353 362 2412 sacramentalem
385 2354 538 2430 impanare
559 2352 669 2413 debent
688 2353 834 2414 diversam
857 2352 894 2411 ab
915 2354 1054 2429 operibns
1073 2371 1128 2430 pro

121 2433 266 2495 lucrando
280 2435 412 2513 jubilaeo.

159 2528 198 2586 ln
211 2528 339 2588 censuris
352 2527 535 2587 absolvendis
551 2526 708 2604 praemitti,
721 2527 768 2586 vel
788 2526 890 2584 saltem
910 2526 1044 2600 promitti
1059 2543 1126 2585 cum

116 2610 290 2686 juramento
311 2612 399 2673 debat
418 2611 573 2670 satisfactio
592 2611 668 2688 parti
691 2610 778 2670 laesae.
801 2610 877 2668 Laesa
892 2606 963 2667 verb
981 2626 1048 2685 pars
1066 2628 1126 2669 non

119 2703 165 2754 cst
184 2693 294 2770 judex,
314 2695 366 2756 sed
385 2696 457 2783 ille,
475 2696 527 2772 qni
544 2695 688 2755 damnum
707 2711 807 2771 passus
826 2698 880 2750 est.

159 2789 197 2846 ln
214 2788 471 2848 constitutionibus
481 2787 595 2864 jubilaei
611 2786 668 2845 alia
681 2804 770 2864 opera
781 2781 1010 2864 praescribuntur
1019 2784 1126 2844 Roma·

118 2873 187 2943 nis,
206 2872 254 2931 rel
270 2873 352 2932 urbis
372 2873 494 2948 ineolis3
512 2872 569 2932 alia
591 2871 765 2950 peregrinis.
789 2869 884 2930 Priori
907 2869 1026 2928 nomine
1049 2869 1127 2930 desi·

117 2964 253 3033 guantur
271 2956 334 3028 illi,
352 2957 403 3034 qui
426 2957 502 3015 intra
524 2956 662 3034 quintum
683 2957 720 3016 ab
741 2954 816 3014 urbe
831 2952 957 3031 lapidem
972 2950 1122 3013 habitant:

117 3039 198 3098 sicut
210 3048 239 3098 et
251 3039 355 3101 incolae
369 3038 450 3099 urbis
464 3038 604 3099 dicuntur
614 3083 622 3110 ‚
634 3039 684 3116 qui
698 3041 820 3099 Romam
833 3037 1015 3095 advenerunt
1026 3037 1124 3098 animo

117 3121 161 3181 ibi
185 3122 326 3200 majorem
345 3124 414 3182 anni
438 3134 551 3200 partem
572 3123 773 3201 transigendi3
788 3122 862 3181 sicut
881 3130 911 3180 et
931 3121 1124 3179 intracarum

116 3222 280 3266 numerum
296 3204 504 3285 comprehendi
520 3207 584 3265 vult
595 3207 744 3275 Pontifex,
759 3206 811 3282 qui
825 3205 881 3264 atat
892 3248 901 3276 ‚
912 3203 999 3280 quim
1010 3203 1122 3279 jubilaei

116 3288 317 3366 consequendi
337 3290 440 3360 causi,
455 3292 577 3350 Romam
594 3289 779 3348 advenerint.
795 3288 899 3348 Caeteri
919 3306 1021 3348 omnes
1038 3307 1123 3366 porc·

115 3370 216 3446 grim,
235 3380 286 3432 aut
304 3373 396 3434 exteri
415 3371 452 3431 ad
475 3375 556 3432 launa
575 3371 713 3432 ellectum
734 3383 887 3431 vocantur.

156 3461 262 3522 Censet
277 3464 430 3533 Pontifex,
447 3461 548 3522 valere
569 3466 759 3526 communem
773 3462 942 3538 opinionem
960 3461 1124 3540 Theologo-

115 3559 187 3602 runa
199 3588 208 3618 ,
222 3563 288 3624 que
306 3565 367 3609 uon
385 3545 495 3624 obligat
509 3545 648 3624 praenaitti
669 3546 878 3609 consessionem
892 3544 929 3604 ad
944 3562 1030 3625 opcra
1047 3565 1123 3624 prae·
1188 3598 1190 3601 .

1020 3694 1032 3723 κ
1116 3700 1124 3705 ,
