2642 4167
374 203 421 263 Ee
435 199 570 282 operibus
580 190 732 262 Benedicti
742 200 832 262 XIV.
875 245 906 273 ,.
1047 203 1103 265 557

106 302 179 367 idem
204 320 314 363 munus
337 301 446 362 ibidem
465 301 569 375 obire3
595 303 757 362 nonenim
782 302 826 361 est
847 300 1104 364 boc'beueiieinm

105 404 151 446 sen
167 390 287 466 pensio,
302 394 340 445 ut¹
356 404 391 445 ex
411 387 601 463 responsione
622 388 653 444 S.
668 389 701 444 C.
720 386 795 444 ibid.

141 471 169 530 Si
188 470 259 531 verd
273 479 356 548 pater
371 469 543 541 dignitatem
564 470 595 528 in
610 470 735 528 caeteta
749 469 847 546 aliqud
862 469 1012 538 obtinuit,
1027 471 1105 531 lilius

108 555 189 614 titulo
213 555 310 613 missae
334 570 451 630 semper
471 553 502 611 in
527 552 628 612 eidem
655 553 806 612 celebrata
832 571 892 612 non
919 562 1016 631 potest
1040 555 1105 615 fieri

106 638 246 715 particeps
265 637 534 696 emolumentorum
554 655 620 712 quae
640 637 805 697 sacerdotes
824 646 889 714 post
908 646 1019 696 certtrm
1044 657 1107 698 sets·

107 723 167 782 vitii
181 731 297 800 tempus
309 719 443 782 obtinere
456 719 498 780 iti
511 730 722 780 consueverant
732 765 741 792 ,
753 731 787 781 ut
795 740 831 782 ex
842 740 980 800 responso
990 724 1021 782 S.
1030 723 1106 783 Con-

105 822 183 883 greg.
201 806 275 865 tta,
467 866 469 871 ⁴

141 892 171 949 Si
196 899 337 967 patronus
361 887 503 950 beneficii¹
523 897 668 949 rectorem
693 889 893 962 interfecerit,
916 891 980 965 ejus
1000 889 1054 950 lilii
1075 896 1107 950 et

104 973 309 1035 descendentes
331 992 424 1049 casque
445 973 482 1031 ad
505 981 644 1048 qtturturn
663 974 787 1051 gradum
812 975 890 1034 liunt
911 976 1105 1053 irregulares,

104 1074 140 1116 ox
161 1059 271 1134 capi-n
292 1053 487 1134 quibusdam,
502 1054 538 1115 de
559 1053 682 1135 poenis.-
703 1058 835 1128 intellige
858 1067 958 1117 tamen·
978 1059 1015 1117 de
1039 1058 1107 1117 liliis

103 1141 180 1199 natis
194 1148 259 1217 post
276 1139 489 1210 homicidium,
505 1157 565 1217 non
583 1137 653 1199 verd
668 1140 754 1215 antd3
768 1160 834 1218 quae
845 1152 889 1200 est
903 1142 1107 1220 interpretatio

100 1225 138 1284 ab
155 1223 216 1302 ipsd
236 1225 324 1284 etiam
338 1226 368 1283 S·
383 1225 615 1301 congregatione
634 1223 758 1284 admissa
771 1269 779 1294 ,
791 1226 833 1283 ib.
855 1244 887 1284 n.
907 1229 957 1286 at.
974 1237 1004 1286 et
1021 1228 1105 1304 ipse,

102 1328 134 1368 ae
154 1309 263 1385 reliqui
283 1310 319 1368 ad
341 1317 529 1387 patronatum
549 1309 642 1368 vocati
660 1308 696 1367 ab
719 1327 754 1368 co
772 1309 841 1384 jure
857 1310 972 1370 cadant.
991 1310 1066 1369 ibid.

137 1394 170 1453 Si
193 1402 277 1470 pater
302 1394 333 1452 in
356 1392 490 1452 heresim
517 1392 674 1455 inciderit.
697 1395 784 1452 etiam
808 1393 888 1453 lilius
912 1396 969 1453 erit
993 1395 1107 1471 irregu-

100 1479 188 1551 laris,
209 1495 246 1545 ex
263 1496 327 1555 cap.
343 1478 522 1554 Quicumque
538 1487 568 1536 et
580 1496 643 1554 cap.
654 1479 806 1553 statutum
818 1523 826 1549 ,
840 1477 875 1538 de
888 1477 1012 1537 irteretie.
1030 1479 1062 1537 in
1075 1482 1104 1538 62

97 1563 137 1622 At
151 1560 254 1621 relicti
269 1560 285 1620 d
299 1559 513 1639 patrebceresi,
528 1578 587 1620 non
606 1562 728 1636 quidem
746 1562 827 1635 eitra,
847 1563 898 1620 sed
917 1561 970 1620 filii
992 1564 1106 1638 irreges*
1162 1568 1168 1577 ¹

97 1645 201 1705 laritas
217 1645 356 1713 solvitur,
374 1654 407 1703 ut
424 1663 459 1703 ex
477 1645 622 1722 responsis
633 1645 664 1701 S.
675 1646 706 1703 C.
721 1646 797 1702 ibid.

34 1772 37 1779 ,
134 1732 171 1790 ln
187 1729 469 1807 dispensationibus,
483 1747 550 1805 quse
565 1729 675 1787 dantur
686 1747 741 1805 pro
755 1729 967 1806 irregularitate
977 1729 1106 1789 illiorum

96 1812 257 1892 illegitime
271 1823 408 1874 natorum
421 1856 429 1883 ,
442 1813 549 1890 apponi
561 1813 635 1871 solet
644 1813 771 1872 clausula
783 1834 791 1871 ε
803 1812 959 1873 mutatorio
975 1821 1106 1892 potetate

96 1897 323 1960 incontinentia
332 1897 586 1957 inu'tctoraoasit
594 1919 604 1970 ;
615 1915 650 1955 ex
660 1915 718 1973 quo
728 1897 781 1966 lit,
794 1909 828 1957 ut
837 1899 992 1975 Episcopus
1002 1898 1106 1957 debeat

94 1984 253 2061 inquirere
267 1982 298 2040 in
312 1981 397 2039 illum
407 2025 416 2052 ,
426 1989 456 2039 et
467 1998 615 2056 quaerere,
627 1983 770 2058 numquid
789 2000 841 2058 per
853 1982 1028 2040 decennium
1043 2000 1106 2041 nto·

93 2064 1106 2144 ribusintegrumsepraebuerit,ctsitotodeeennionihiiirulignum
1176 2116 1182 2126 .

91 2151 252 2211 admisisse
267 2159 436 2226 compertus
449 2150 505 2219 sit,
523 2157 619 2226 potest
637 2167 704 2208 curn
722 2151 773 2225 iilo
790 2150 1107 2211 executionimandare

91 2231 1107 2311 dispensationem,etiarnsiantedecenniumincontinentiaenomine

88 2327 253 2396 suspectus
267 2317 385 2384 fuisset,
404 2325 439 2376 ut
454 2335 490 2376 ex
505 2317 629 2376 decretis
647 2318 677 2375 S.
689 2319 722 2377 C.
738 2321 781 2377 Dc
796 2318 906 2399 Synod.
920 2318 1031 2378 dicaces.
1050 2314 1102 2372 lili.

90 2406 144 2463 15.
161 2420 233 2481 eap.
248 2402 297 2461 il.
312 2419 343 2461 n.
360 2401 409 2462 22.
1106 2414 1107 2417 ’

501 2571 704 2632 JUBlLAEUdI.

99 2745 165 2815 ,ln
190 2740 316 2817 julitae
336 2741 513 2817 annilliti.
534 2737 709 2800 Benedictus
722 2739 755 2799 X
758 2740 773 2797 I
777 2738 810 2796 V.
831 2737 984 2815 suspendit
996 2744 1058 2797 toto
1071 2754 1106 2797 co

78 2845 171 2885 antro
187 2823 388 2899 indulgentias
399 2841 500 2883 amnes
510 2868 517 2894 ,
528 2824 615 2882 etiam
627 2841 687 2882 non
701 2823 998 2900 plenarias3exeeptis
1008 2821 1107 2880 indul·

76 2909 206 2991 'gentiis
219 2907 290 2966 altas
301 2909 441 2966 concessis
453 2909 483 2965 in
497 2908 621 2967 articulo
630 2909 752 2976 nrortis,
765 2916 825 2966 tum
838 2907 896 2966 iliis
909 2925 980 2983 quas
991 2925 1026 2965 ex
1037 2923 1106 2965 eon·

75 2997 231 3055 cessione
248 2992 404 3068 apostolici
417 2992 631 3068 impertiuntur
640 2991 772 3069 Episcopi
784 3035 793 3060 ,
804 2990 893 3068 quim
905 2991 970 3050 aliis
982 2989 1106 3068 quibus-

69 3093 228 3153 cumque
248 3075 464 3145 communiter,
482 3084 534 3134 atat
553 3075 744 3152 personaliter
765 3077 907 3134 concessis
926 3093 981 3153 pro
1003 3071 1107 3133 eodem

69 3161 248 3224 articulo:
265 3160 336 3218 item
353 3159 426 3227 illis,
441 3178 513 3237 quas
533 3159 687 3219 lucrantur
704 3159 805 3220 fideles
826 3162 981 3219 recitantes
1000 3161 1117 3218 saluta-¹

68 3249 209 3311 tionem
233 3245 394 3321 angeltean
413 3244 449 3304 ad
469 3263 576 3304 sonum
598 3263 756 3323 campane,
776 3249 851 3305 item
871 3247 989 3324 exceptat
1008 3245 1108 3304 indul-

63 3331 190 3411 gentiai
218 3337 331 3405 septem
355 3344 524 3397 annorum,
548 3337 579 3387 et
601 3328 727 3386 totidem
745 3328 999 3406 quadragenarum
1021 3328 1107 3388 toties

63 3415 235 3496 quoties,
256 3428 328 3488 quas
342 3411 496 3470 lucrantur
506 3427 542 3468 ex
558 3412 742 3470 concessione
752 3410 861 3470 Beoed.
873 3411 969 3471 XIII.
983 3411 1107 3469 durante

58 3495 253 3579 praetcrito
269 3511 347 3552 anuo
364 3493 477 3570 jubilaei
488 3537 496 3558 ,
509 3493 561 3570 qui
573 3493 823 3552 sacramentaliter
834 3494 955 3551 confessi
967 3536 974 3558 ,
988 3503 1017 3550 et
1026 3494 1117 3551 sacci'

56 3576 310 3643 conrnrunienc
334 3578 456 3650 reiecti,
475 3577 523 3636 rel
547 3577 650 3637 saitem
674 3573 742 3636 reri
767 3575 907 3650 contriti,
923 3576 1106 3636 visitaverint
