<?xml version="1.0" encoding="UTF-8"?>
<!DOCTYPE html PUBLIC "-//W3C//DTD XHTML 1.0 Transitional//EN"
    "http://www.w3.org/TR/xhtml1/DTD/xhtml1-transitional.dtd">
<html xmlns="http://www.w3.org/1999/xhtml" xml:lang="en" lang="en">
 <head>
  <title>
</title>
<meta http-equiv="Content-Type" content="text/html;charset=utf-8" />
  <meta name='ocr-system' content='tesseract 3.04.00' />
  <meta name='ocr-capabilities' content='ocr_page ocr_carea ocr_par ocr_line ocrx_word'/>
</head>
<body>
  <div class='ocr_page' id='page_1' title='image "./theologiamorali05heilgoog_0342.png"; bbox 0 0 2642 4167; ppageno 0'>
   <div class='ocr_carea' id='block_1_1' title="bbox 173 142 966 261">
    <p class='ocr_par' dir='ltr' id='par_1_1' title="bbox 173 142 966 261">
     <span class='ocr_line' id='line_1_1' title="bbox 173 142 966 261; baseline -0.011 -18"><span class='ocrx_word' id='word_1_1' title='bbox 173 181 232 244; x_wconf 75' lang='grc'><strong>558</strong></span> <span class='ocrx_word' id='word_1_2' title='bbox 348 182 483 261; x_wconf 76' lang='lat' dir='ltr'><strong>Epirotae</strong></span> <span class='ocrx_word' id='word_1_3' title='bbox 498 142 966 241; x_wconf 79' lang='lat' dir='ltr'><strong>dorua&#39;noemoroliaeteoaoaicoe</strong></span> 
     </span>
    </p>
   </div>
   <div class='ocr_carea' id='block_1_2' title="bbox 557 371 806 435">
    <p class='ocr_par' dir='ltr' id='par_1_2' title="bbox 557 371 806 435">
     <span class='ocr_line' id='line_1_2' title="bbox 557 371 806 435; baseline -0.02 0"><span class='ocrx_word' id='word_1_4' title='bbox 557 371 806 435; x_wconf 74' lang='lat' dir='ltr'><strong>uxouctsuus</strong></span> 
     </span>
    </p>
   </div>
   <div class='ocr_carea' id='block_1_3' title="bbox 119 537 1179 1122">
    <p class='ocr_par' dir='ltr' id='par_1_3' title="bbox 119 537 1179 1122">
     <span class='ocr_line' id='line_1_3' title="bbox 119 537 1179 620; baseline -0.005 -17"><span class='ocrx_word' id='word_1_5' title='bbox 119 548 124 568; x_wconf 82' lang='lat'>¹</span> <span class='ocrx_word' id='word_1_6' title='bbox 208 541 276 602; x_wconf 86' lang='lat' dir='ltr'><strong>Non</strong></span> <span class='ocrx_word' id='word_1_7' title='bbox 288 540 356 602; x_wconf 88' lang='lat' dir='ltr'><strong>licet</strong></span> <span class='ocrx_word' id='word_1_8' title='bbox 367 541 580 620; x_wconf 76' lang='lat' dir='ltr'><strong>negatoribus,</strong></span> <span class='ocrx_word' id='word_1_9' title='bbox 604 537 824 599; x_wconf 74' lang='lat' dir='ltr'><strong>contradicente</strong></span> <span class='ocrx_word' id='word_1_10' title='bbox 838 538 999 619; x_wconf 81' lang='lat' dir='ltr'><strong>Episcopo,</strong></span> <span class='ocrx_word' id='word_1_11' title='bbox 1014 537 1179 598; x_wconf 77' lang='lat' dir='ltr'><strong>exorcisare</strong></span> 
     </span>
     <span class='ocr_line' id='line_1_4' title="bbox 169 621 1176 704; baseline -0.007 -18"><span class='ocrx_word' id='word_1_12' title='bbox 169 626 201 686; x_wconf 96' lang='lat' dir='ltr'><strong>in</strong></span> <span class='ocrx_word' id='word_1_13' title='bbox 223 627 350 704; x_wconf 90' lang='lat' dir='ltr'><strong>propriis</strong></span> <span class='ocrx_word' id='word_1_14' title='bbox 365 625 507 686; x_wconf 89' lang='lat' dir='ltr'><strong>Ecclesiis.</strong></span> <span class='ocrx_word' id='word_1_15' title='bbox 522 625 673 704; x_wconf 88' lang='lat' dir='ltr'><strong>Eneyelica</strong></span> <span class='ocrx_word' id='word_1_16' title='bbox 686 621 722 681; x_wconf 88' lang='lat' dir='ltr'><strong>ad</strong></span> <span class='ocrx_word' id='word_1_17' title='bbox 735 623 890 701; x_wconf 90' lang='lat' dir='ltr'><strong>Episcopus</strong></span> <span class='ocrx_word' id='word_1_18' title='bbox 902 622 1049 692; x_wconf 80' lang='lat' dir='ltr'><strong>Poloniae‚.</strong></span> <span class='ocrx_word' id='word_1_19' title='bbox 1062 623 1176 701; x_wconf 78' lang='lat' dir='ltr'><strong>Mopno</strong></span> 
     </span>
     <span class='ocr_line' id='line_1_5' title="bbox 169 728 352 771; baseline -0.016 0"><span class='ocrx_word' id='word_1_20' title='bbox 169 728 235 771; x_wconf 82' lang='lat' dir='ltr'><strong>curn</strong></span> <span class='ocrx_word' id='word_1_21' title='bbox 248 729 352 770; x_wconf 77' lang='lat' dir='ltr'><strong>ortatur.</strong></span> 
     </span>
     <span class='ocr_line' id='line_1_6' title="bbox 209 787 1176 873; baseline -0.005 -22"><span class='ocrx_word' id='word_1_22' title='bbox 209 794 243 852; x_wconf 92' lang='lat' dir='ltr'><strong>lu</strong></span> <span class='ocrx_word' id='word_1_23' title='bbox 266 793 392 873; x_wconf 83' lang='lat' dir='ltr'><strong>Epistold</strong></span> <span class='ocrx_word' id='word_1_24' title='bbox 408 793 443 853; x_wconf 85' lang='lat' dir='ltr'><strong>ad</strong></span> <span class='ocrx_word' id='word_1_25' title='bbox 457 793 631 872; x_wconf 85' lang='lat' dir='ltr'><strong>Episcopum</strong></span> <span class='ocrx_word' id='word_1_26' title='bbox 645 793 847 867; x_wconf 77' lang='lat' dir='ltr'><strong>Augustarum</strong></span> <span class='ocrx_word' id='word_1_27' title='bbox 870 788 1005 851; x_wconf 90' lang='lat' dir='ltr'><strong>laudatur</strong></span> <span class='ocrx_word' id='word_1_28' title='bbox 1022 787 1176 865; x_wconf 86' lang='lat' dir='ltr'><strong>Encyelica</strong></span> 
     </span>
     <span class='ocr_line' id='line_1_7' title="bbox 172 871 1178 952; baseline -0.008 -17"><span class='ocrx_word' id='word_1_29' title='bbox 172 871 326 936; x_wconf 82' lang='lat' dir='ltr'><strong>Clementia</strong></span> <span class='ocrx_word' id='word_1_30' title='bbox 336 878 407 952; x_wconf 84' lang='lat' dir='ltr'><strong>XI,</strong></span> <span class='ocrx_word' id='word_1_31' title='bbox 429 877 494 935; x_wconf 89' lang='lat' dir='ltr'><strong>data</strong></span> <span class='ocrx_word' id='word_1_32' title='bbox 511 879 560 936; x_wconf 70' lang='lat' dir='ltr'><strong>El.</strong></span> <span class='ocrx_word' id='word_1_33' title='bbox 575 874 657 936; x_wconf 82' lang='lat' dir='ltr'><strong>iunii</strong></span> <span class='ocrx_word' id='word_1_34' title='bbox 680 875 774 946; x_wconf 87' lang='grc'><strong>1710,</strong></span> <span class='ocrx_word' id='word_1_35' title='bbox 793 876 850 951; x_wconf 79' lang='lat' dir='ltr'><strong>qud</strong></span> <span class='ocrx_word' id='word_1_36' title='bbox 872 874 1041 951; x_wconf 86' lang='lat' dir='ltr'><strong>injunctum</strong></span> <span class='ocrx_word' id='word_1_37' title='bbox 1058 879 1122 941; x_wconf 87' lang='lat' dir='ltr'><strong>est,</strong></span> <span class='ocrx_word' id='word_1_38' title='bbox 1139 875 1178 928; x_wconf 84' lang='lat' dir='ltr'><strong>ut</strong></span> 
     </span>
     <span class='ocr_line' id='line_1_8' title="bbox 169 957 1179 1034; baseline -0.007 -14"><span class='ocrx_word' id='word_1_39' title='bbox 169 978 256 1020; x_wconf 89' lang='lat' dir='ltr'><strong>nemo</strong></span> <span class='ocrx_word' id='word_1_40' title='bbox 285 961 446 1021; x_wconf 81' lang='lat' dir='ltr'><strong>exorcisons</strong></span> <span class='ocrx_word' id='word_1_41' title='bbox 471 959 488 1020; x_wconf 78' lang='grc'><strong>1</strong></span> <span class='ocrx_word' id='word_1_42' title='bbox 517 961 621 1025; x_wconf 82' lang='lat' dir='ltr'><strong>uormd</strong></span> <span class='ocrx_word' id='word_1_43' title='bbox 640 958 764 1018; x_wconf 86' lang='lat' dir='ltr'><strong>Ritualis</strong></span> <span class='ocrx_word' id='word_1_44' title='bbox 789 960 912 1018; x_wconf 88' lang='lat' dir='ltr'><strong>Romani</strong></span> <span class='ocrx_word' id='word_1_45' title='bbox 945 957 1005 1019; x_wconf 82' lang='lat' dir='ltr'><strong>out</strong></span> <span class='ocrx_word' id='word_1_46' title='bbox 1028 974 1066 1017; x_wconf 80' lang='lat' dir='ltr'><strong>ex</strong></span> <span class='ocrx_word' id='word_1_47' title='bbox 1091 964 1179 1034; x_wconf 87' lang='lat' dir='ltr'><strong>porto</strong></span> 
     </span>
     <span class='ocr_line' id='line_1_9' title="bbox 168 1043 497 1122; baseline -0.003 -19"><span class='ocrx_word' id='word_1_48' title='bbox 168 1043 316 1104; x_wconf 83' lang='lat' dir='ltr'><strong>discedere</strong></span> <span class='ocrx_word' id='word_1_49' title='bbox 331 1054 497 1122; x_wconf 84' lang='lat' dir='ltr'><strong>praesumat.</strong></span> 
     </span>
    </p>
   </div>
   <div class='ocr_carea' id='block_1_4' title="bbox 401 1210 941 1290">
    <p class='ocr_par' dir='ltr' id='par_1_4' title="bbox 401 1210 941 1290">
     <span class='ocr_line' id='line_1_10' title="bbox 401 1210 941 1290; baseline 0 -17"><span class='ocrx_word' id='word_1_50' title='bbox 401 1210 603 1273; x_wconf 76' lang='lat' dir='ltr'><strong>aurosum</strong></span> <span class='ocrx_word' id='word_1_51' title='bbox 623 1212 675 1272; x_wconf 87' lang='lat' dir='ltr'><strong>ss.</strong></span> <span class='ocrx_word' id='word_1_52' title='bbox 694 1212 941 1290; x_wconf 76' lang='lat' dir='ltr'><strong>sacaannnrr.</strong></span> 
     </span>
    </p>
   </div>
   <div class='ocr_carea' id='block_1_5' title="bbox 164 1378 1258 2619">
    <p class='ocr_par' dir='ltr' id='par_1_5' title="bbox 167 1378 1183 1956">
     <span class='ocr_line' id='line_1_11' title="bbox 206 1378 1181 1457; baseline 0.002 -19"><span class='ocrx_word' id='word_1_53' title='bbox 206 1378 355 1457; x_wconf 81' lang='lat' dir='ltr'><strong>Expueilio</strong></span> <span class='ocrx_word' id='word_1_54' title='bbox 375 1379 425 1441; x_wconf 89' lang='lat' dir='ltr'><strong>SS.</strong></span> <span class='ocrx_word' id='word_1_55' title='bbox 443 1380 622 1440; x_wconf 75' lang='lat' dir='ltr'><strong>sacramenti</strong></span> <span class='ocrx_word' id='word_1_56' title='bbox 643 1379 775 1457; x_wconf 86' lang='lat' dir='ltr'><strong>permitti</strong></span> <span class='ocrx_word' id='word_1_57' title='bbox 794 1397 853 1439; x_wconf 92' lang='lat' dir='ltr'><strong>non</strong></span> <span class='ocrx_word' id='word_1_58' title='bbox 878 1379 965 1439; x_wconf 88' lang='lat' dir='ltr'><strong>debet</strong></span> <span class='ocrx_word' id='word_1_59' title='bbox 982 1379 1038 1441; x_wconf 81' lang='lat' dir='ltr'><strong>nisi</strong></span> <span class='ocrx_word' id='word_1_60' title='bbox 1064 1398 1100 1440; x_wconf 85' lang='lat' dir='ltr'><strong>ex</strong></span> <span class='ocrx_word' id='word_1_61' title='bbox 1116 1394 1181 1456; x_wconf 89' lang='lat' dir='ltr'><strong>pu·</strong></span> 
     </span>
     <span class='ocr_line' id='line_1_12' title="bbox 168 1462 1181 1541; baseline 0.001 -19"><span class='ocrx_word' id='word_1_62' title='bbox 168 1462 244 1522; x_wconf 83' lang='lat' dir='ltr'><strong>blicl</strong></span> <span class='ocrx_word' id='word_1_63' title='bbox 265 1464 351 1524; x_wconf 84' lang='lat' dir='ltr'><strong>eausd</strong></span> <span class='ocrx_word' id='word_1_64' title='bbox 365 1464 401 1523; x_wconf 84' lang='lat' dir='ltr'><strong>ab</strong></span> <span class='ocrx_word' id='word_1_65' title='bbox 422 1464 578 1524; x_wconf 89' lang='lat' dir='ltr'><strong>Ordinario</strong></span> <span class='ocrx_word' id='word_1_66' title='bbox 597 1463 771 1541; x_wconf 78' lang='lat' dir='ltr'><strong>approbati,</strong></span> <span class='ocrx_word' id='word_1_67' title='bbox 783 1464 896 1523; x_wconf 87' lang='lat' dir='ltr'><strong>etiamsi</strong></span> <span class='ocrx_word' id='word_1_68' title='bbox 912 1464 1035 1523; x_wconf 82' lang='lat' dir='ltr'><strong>Ecclesia</strong></span> <span class='ocrx_word' id='word_1_69' title='bbox 1055 1465 1094 1525; x_wconf 88' lang='lat' dir='ltr'><strong>sit</strong></span> <span class='ocrx_word' id='word_1_70' title='bbox 1114 1466 1181 1523; x_wconf 85' lang='lat' dir='ltr'><strong>lle·</strong></span> 
     </span>
     <span class='ocr_line' id='line_1_13' title="bbox 168 1546 1179 1625; baseline 0.004 -21"><span class='ocrx_word' id='word_1_71' title='bbox 168 1546 339 1624; x_wconf 68' lang='lat' dir='ltr'><strong>gulanam,</strong></span> <span class='ocrx_word' id='word_1_72' title='bbox 362 1547 442 1625; x_wconf 92' lang='lat' dir='ltr'><strong>quod</strong></span> <span class='ocrx_word' id='word_1_73' title='bbox 465 1566 501 1608; x_wconf 82' lang='lat' dir='ltr'><strong>cx</strong></span> <span class='ocrx_word' id='word_1_74' title='bbox 517 1547 600 1608; x_wconf 86' lang='lat' dir='ltr'><strong>Trid.</strong></span> <span class='ocrx_word' id='word_1_75' title='bbox 620 1564 689 1605; x_wconf 89' lang='lat' dir='ltr'><strong>sess.</strong></span> <span class='ocrx_word' id='word_1_76' title='bbox 710 1549 759 1607; x_wconf 71' lang='grc'><strong>11.</strong></span> <span class='ocrx_word' id='word_1_77' title='bbox 780 1567 807 1607; x_wconf 89' lang='lat' dir='ltr'><strong>e.</strong></span> <span class='ocrx_word' id='word_1_78' title='bbox 828 1550 856 1608; x_wconf 90' lang='lat'><strong>8.</strong></span> <span class='ocrx_word' id='word_1_79' title='bbox 879 1548 986 1607; x_wconf 89' lang='lat' dir='ltr'><strong>evincit</strong></span> <span class='ocrx_word' id='word_1_80' title='bbox 1013 1557 1043 1609; x_wconf 88' lang='lat' dir='ltr'><strong>et</strong></span> <span class='ocrx_word' id='word_1_81' title='bbox 1065 1550 1179 1608; x_wconf 83' lang='lat' dir='ltr'><strong>statuit</strong></span> 
     </span>
     <span class='ocr_line' id='line_1_14' title="bbox 168 1630 1182 1710; baseline 0.001 -20"><span class='ocrx_word' id='word_1_82' title='bbox 168 1631 199 1690; x_wconf 88' lang='lat' dir='ltr'><strong>S.</strong></span> <span class='ocrx_word' id='word_1_83' title='bbox 212 1631 245 1690; x_wconf 86' lang='lat' dir='ltr'><strong>C.</strong></span> <span class='ocrx_word' id='word_1_84' title='bbox 258 1631 401 1708; x_wconf 80' lang='lat' dir='ltr'><strong>Concilii3</strong></span> <span class='ocrx_word' id='word_1_85' title='bbox 421 1649 599 1710; x_wconf 87' lang='lat' dir='ltr'><strong>quamquam</strong></span> <span class='ocrx_word' id='word_1_86' title='bbox 612 1649 648 1691; x_wconf 83' lang='lat' dir='ltr'><strong>ex</strong></span> <span class='ocrx_word' id='word_1_87' title='bbox 666 1630 750 1691; x_wconf 79' lang='lat' dir='ltr'><strong>causi</strong></span> <span class='ocrx_word' id='word_1_88' title='bbox 762 1632 874 1708; x_wconf 75' lang='lat' dir='ltr'><strong>privati</strong></span> <span class='ocrx_word' id='word_1_89' title='bbox 889 1632 957 1692; x_wconf 88' lang='lat' dir='ltr'><strong>licet</strong></span> <span class='ocrx_word' id='word_1_90' title='bbox 978 1632 1182 1710; x_wconf 74' lang='lat' dir='ltr'><strong>Reguluribus</strong></span> 
     </span>
     <span class='ocr_line' id='line_1_15' title="bbox 169 1714 1183 1795; baseline 0.006 -23"><span class='ocrx_word' id='word_1_91' title='bbox 169 1714 200 1773; x_wconf 91' lang='lat' dir='ltr'><strong>in</strong></span> <span class='ocrx_word' id='word_1_92' title='bbox 222 1717 349 1795; x_wconf 89' lang='lat' dir='ltr'><strong>propriis</strong></span> <span class='ocrx_word' id='word_1_93' title='bbox 360 1718 493 1777; x_wconf 88' lang='lat' dir='ltr'><strong>Ecclesiis</strong></span> <span class='ocrx_word' id='word_1_94' title='bbox 515 1733 661 1794; x_wconf 83' lang='lat' dir='ltr'><strong>exponere</strong></span> <span class='ocrx_word' id='word_1_95' title='bbox 683 1716 733 1776; x_wconf 87' lang='lat' dir='ltr'><strong>SS.</strong></span> <span class='ocrx_word' id='word_1_96' title='bbox 753 1718 972 1776; x_wconf 86' lang='lat' dir='ltr'><strong>Sacramentum</strong></span> <span class='ocrx_word' id='word_1_97' title='bbox 985 1760 993 1784; x_wconf 83' lang='lat'>,</span> <span class='ocrx_word' id='word_1_98' title='bbox 1006 1716 1183 1778; x_wconf 78' lang='lat' dir='ltr'><strong>dumrnodo</strong></span> 
     </span>
     <span class='ocr_line' id='line_1_16' title="bbox 168 1799 1183 1872; baseline 0.006 -16"><span class='ocrx_word' id='word_1_99' title='bbox 168 1814 228 1858; x_wconf 92' lang='lat' dir='ltr'><strong>uon</strong></span> <span class='ocrx_word' id='word_1_100' title='bbox 246 1800 416 1860; x_wconf 83' lang='lat' dir='ltr'><strong>extrahatur</strong></span> <span class='ocrx_word' id='word_1_101' title='bbox 435 1801 452 1863; x_wconf 77' lang='lat' dir='ltr'><strong>d</strong></span> <span class='ocrx_word' id='word_1_102' title='bbox 469 1800 690 1871; x_wconf 85' lang='lat' dir='ltr'><strong>Tabernaculo‚</strong></span> <span class='ocrx_word' id='word_1_103' title='bbox 709 1811 739 1862; x_wconf 88' lang='lat' dir='ltr'><strong>et</strong></span> <span class='ocrx_word' id='word_1_104' title='bbox 757 1799 851 1860; x_wconf 87' lang='lat' dir='ltr'><strong>hostia</strong></span> <span class='ocrx_word' id='word_1_105' title='bbox 874 1803 914 1860; x_wconf 88' lang='lat' dir='ltr'><strong>sit</strong></span> <span class='ocrx_word' id='word_1_106' title='bbox 937 1802 1053 1872; x_wconf 82' lang='lat' dir='ltr'><strong>velata,</strong></span> <span class='ocrx_word' id='word_1_107' title='bbox 1070 1811 1112 1860; x_wconf 87' lang='lat' dir='ltr'><strong>ut</strong></span> <span class='ocrx_word' id='word_1_108' title='bbox 1135 1818 1183 1862; x_wconf 83' lang='lat' dir='ltr'><strong>ex</strong></span> 
     </span>
     <span class='ocr_line' id='line_1_17' title="bbox 167 1880 1181 1956; baseline 0.008 -19"><span class='ocrx_word' id='word_1_109' title='bbox 167 1880 302 1956; x_wconf 89' lang='lat' dir='ltr'><strong>pluribus</strong></span> <span class='ocrx_word' id='word_1_110' title='bbox 316 1885 346 1943; x_wconf 84' lang='lat' dir='ltr'><strong>S.</strong></span> <span class='ocrx_word' id='word_1_111' title='bbox 365 1887 397 1944; x_wconf 85' lang='lat' dir='ltr'><strong>C.</strong></span> <span class='ocrx_word' id='word_1_112' title='bbox 413 1887 499 1945; x_wconf 88' lang='lat' dir='ltr'><strong>Dcer.</strong></span> <span class='ocrx_word' id='word_1_113' title='bbox 511 1885 658 1945; x_wconf 84' lang='lat' dir='ltr'><strong>firmatur.</strong></span> <span class='ocrx_word' id='word_1_114' title='bbox 673 1887 743 1946; x_wconf 84' lang='lat' dir='ltr'><strong>lnst.</strong></span> <span class='ocrx_word' id='word_1_115' title='bbox 763 1885 869 1945; x_wconf 85' lang='lat' dir='ltr'><strong>Eccles.</strong></span> <span class='ocrx_word' id='word_1_116' title='bbox 885 1886 934 1946; x_wconf 74' lang='lat'><strong>50.</strong></span> <span class='ocrx_word' id='word_1_117' title='bbox 949 1905 980 1945; x_wconf 88' lang='lat' dir='ltr'><strong>n.</strong></span> <span class='ocrx_word' id='word_1_118' title='bbox 999 1887 1046 1946; x_wconf 90' lang='grc'><strong>11.</strong></span> <span class='ocrx_word' id='word_1_119' title='bbox 1068 1894 1100 1944; x_wconf 88' lang='lat' dir='ltr'><strong>et</strong></span> <span class='ocrx_word' id='word_1_120' title='bbox 1115 1885 1181 1945; x_wconf 76' lang='lat'><strong>12.</strong></span> 
     </span>
    </p>

    <p class='ocr_par' dir='ltr' id='par_1_6' title="bbox 166 1967 1182 2116">
     <span class='ocr_line' id='line_1_18' title="bbox 205 1967 1182 2049; baseline 0.001 -21"><span class='ocrx_word' id='word_1_121' title='bbox 205 1967 389 2045; x_wconf 80' lang='lat' dir='ltr'><strong>Reprobutur</strong></span> <span class='ocrx_word' id='word_1_122' title='bbox 407 1969 484 2048; x_wconf 91' lang='lat' dir='ltr'><strong>opud</strong></span> <span class='ocrx_word' id='word_1_123' title='bbox 503 1970 668 2048; x_wconf 89' lang='lat' dir='ltr'><strong>irequcntes</strong></span> <span class='ocrx_word' id='word_1_124' title='bbox 682 1972 838 2049; x_wconf 88' lang='lat' dir='ltr'><strong>scriptores</strong></span> <span class='ocrx_word' id='word_1_125' title='bbox 858 1989 928 2029; x_wconf 86' lang='lat' dir='ltr'><strong>usus</strong></span> <span class='ocrx_word' id='word_1_126' title='bbox 939 1969 1104 2048; x_wconf 76' lang='lat' dir='ltr'><strong>exponendi</strong></span> <span class='ocrx_word' id='word_1_127' title='bbox 1117 1988 1182 2046; x_wconf 81' lang='lat' dir='ltr'><strong>pa-</strong></span> 
     </span>
     <span class='ocr_line' id='line_1_19' title="bbox 166 2046 1169 2116; baseline 0.006 -8"><span class='ocrx_word' id='word_1_128' title='bbox 166 2046 225 2109; x_wconf 84' lang='lat' dir='ltr'><strong>lim</strong></span> <span class='ocrx_word' id='word_1_129' title='bbox 240 2051 289 2110; x_wconf 88' lang='lat' dir='ltr'><strong>SS.</strong></span> <span class='ocrx_word' id='word_1_130' title='bbox 310 2053 521 2113; x_wconf 86' lang='lat' dir='ltr'><strong>Eucharistium</strong></span> <span class='ocrx_word' id='word_1_131' title='bbox 535 2056 566 2113; x_wconf 89' lang='lat' dir='ltr'><strong>in</strong></span> <span class='ocrx_word' id='word_1_132' title='bbox 581 2054 659 2114; x_wconf 87' lang='lat' dir='ltr'><strong>iestis</strong></span> <span class='ocrx_word' id='word_1_133' title='bbox 670 2056 855 2116; x_wconf 82' lang='lat' dir='ltr'><strong>Sanctorum.</strong></span> <span class='ocrx_word' id='word_1_134' title='bbox 870 2054 943 2113; x_wconf 81' lang='lat' dir='ltr'><strong>llrid.</strong></span> <span class='ocrx_word' id='word_1_135' title='bbox 958 2073 990 2113; x_wconf 87' lang='lat' dir='ltr'><strong>u.</strong></span> <span class='ocrx_word' id='word_1_136' title='bbox 1011 2056 1057 2115; x_wconf 72' lang='grc'><strong>11.</strong></span> <span class='ocrx_word' id='word_1_137' title='bbox 1167 2090 1169 2093; x_wconf 94' lang='grc'>-</span> 
     </span>
    </p>

    <p class='ocr_par' dir='ltr' id='par_1_7' title="bbox 164 2131 1187 2383">
     <span class='ocr_line' id='line_1_20' title="bbox 202 2131 1184 2216; baseline 0.008 -26"><span class='ocrx_word' id='word_1_138' title='bbox 202 2131 234 2190; x_wconf 85' lang='grc'><strong>81</strong></span> <span class='ocrx_word' id='word_1_139' title='bbox 256 2147 420 2211; x_wconf 79' lang='lat' dir='ltr'><strong>exponatur</strong></span> <span class='ocrx_word' id='word_1_140' title='bbox 440 2138 490 2195; x_wconf 91' lang='lat' dir='ltr'><strong>SS.</strong></span> <span class='ocrx_word' id='word_1_141' title='bbox 510 2138 733 2198; x_wconf 87' lang='lat' dir='ltr'><strong>Sacramentum</strong></span> <span class='ocrx_word' id='word_1_142' title='bbox 745 2139 822 2198; x_wconf 89' lang='lat' dir='ltr'><strong>intra</strong></span> <span class='ocrx_word' id='word_1_143' title='bbox 835 2137 1065 2198; x_wconf 79' lang='lat' dir='ltr'><strong>Talrcrnoculum</strong></span> <span class='ocrx_word' id='word_1_144' title='bbox 1083 2157 1184 2216; x_wconf 84' lang='lat' dir='ltr'><strong>aper·</strong></span> 
     </span>
     <span class='ocr_line' id='line_1_21' title="bbox 166 2219 1180 2299; baseline 0.011 -25"><span class='ocrx_word' id='word_1_145' title='bbox 166 2224 252 2293; x_wconf 87' lang='lat' dir='ltr'><strong>tum,</strong></span> <span class='ocrx_word' id='word_1_146' title='bbox 278 2228 308 2278; x_wconf 94' lang='lat' dir='ltr'><strong>et</strong></span> <span class='ocrx_word' id='word_1_147' title='bbox 325 2219 355 2278; x_wconf 91' lang='lat' dir='ltr'><strong>in</strong></span> <span class='ocrx_word' id='word_1_148' title='bbox 370 2221 477 2299; x_wconf 80' lang='lat' dir='ltr'><strong>pyxide</strong></span> <span class='ocrx_word' id='word_1_149' title='bbox 496 2220 590 2297; x_wconf 76' lang='lat' dir='ltr'><strong>teeti,</strong></span> <span class='ocrx_word' id='word_1_150' title='bbox 610 2239 660 2282; x_wconf 83' lang='lat' dir='ltr'><strong>sex</strong></span> <span class='ocrx_word' id='word_1_151' title='bbox 677 2222 779 2281; x_wconf 86' lang='lat' dir='ltr'><strong>saltem</strong></span> <span class='ocrx_word' id='word_1_152' title='bbox 796 2220 924 2282; x_wconf 74' lang='lat' dir='ltr'><strong>carruae</strong></span> <span class='ocrx_word' id='word_1_153' title='bbox 938 2222 1042 2282; x_wconf 74' lang='lat' dir='ltr'><strong>ardere</strong></span> <span class='ocrx_word' id='word_1_154' title='bbox 1052 2219 1180 2285; x_wconf 78' lang='lat' dir='ltr'><strong>debent</strong></span> 
     </span>
     <span class='ocr_line' id='line_1_22' title="bbox 164 2305 1187 2383; baseline 0.014 -23"><span class='ocrx_word' id='word_1_155' title='bbox 164 2316 201 2360; x_wconf 83' lang='lat' dir='ltr'><strong>cx</strong></span> <span class='ocrx_word' id='word_1_156' title='bbox 211 2318 296 2363; x_wconf 83' lang='lat' dir='ltr'><strong>sensu</strong></span> <span class='ocrx_word' id='word_1_157' title='bbox 308 2305 338 2364; x_wconf 87' lang='lat' dir='ltr'><strong>S.</strong></span> <span class='ocrx_word' id='word_1_158' title='bbox 349 2306 457 2383; x_wconf 79' lang='lat' dir='ltr'><strong>(ionga.</strong></span> <span class='ocrx_word' id='word_1_159' title='bbox 472 2305 548 2365; x_wconf 90' lang='lat' dir='ltr'><strong>lbid.</strong></span> <span class='ocrx_word' id='word_1_160' title='bbox 563 2324 596 2364; x_wconf 83' lang='lat' dir='ltr'><strong>u.</strong></span> <span class='ocrx_word' id='word_1_161' title='bbox 608 2309 657 2367; x_wconf 76' lang='grc'><strong>11.</strong></span> <span class='ocrx_word' id='word_1_162' title='bbox 1183 2360 1187 2363; x_wconf 27' lang='grc' dir='ltr'><em>ψ</em></span> 
     </span>
    </p>

    <p class='ocr_par' dir='ltr' id='par_1_8' title="bbox 165 2382 1258 2619">
     <span class='ocr_line' id='line_1_23' title="bbox 207 2382 1186 2465; baseline 0.001 -15"><span class='ocrx_word' id='word_1_163' title='bbox 207 2386 318 2455; x_wconf 78' lang='lat' dir='ltr'><strong>Variana</strong></span> <span class='ocrx_word' id='word_1_164' title='bbox 331 2388 356 2447; x_wconf 83' lang='lat' dir='ltr'><strong>ei</strong></span> <span class='ocrx_word' id='word_1_165' title='bbox 368 2397 450 2449; x_wconf 84' lang='lat' dir='ltr'><strong>extra</strong></span> <span class='ocrx_word' id='word_1_166' title='bbox 464 2389 698 2450; x_wconf 76' lang='lat' dir='ltr'><strong>&#39;sabernaculum</strong></span> <span class='ocrx_word' id='word_1_167' title='bbox 713 2390 743 2450; x_wconf 89' lang='lat' dir='ltr'><strong>id</strong></span> <span class='ocrx_word' id='word_1_168' title='bbox 756 2391 807 2450; x_wconf 89' lang='lat' dir='ltr'><strong>[iat</strong></span> <span class='ocrx_word' id='word_1_169' title='bbox 822 2392 852 2450; x_wconf 91' lang='lat' dir='ltr'><strong>io</strong></span> <span class='ocrx_word' id='word_1_170' title='bbox 869 2382 1036 2449; x_wconf 86' lang='lat' dir='ltr'><strong>Ostensorio</strong></span> <span class='ocrx_word' id='word_1_171' title='bbox 1052 2389 1160 2451; x_wconf 85' lang='lat' dir='ltr'><strong>velato</strong></span> <span class='ocrx_word' id='word_1_172' title='bbox 1170 2435 1186 2465; x_wconf 90' lang='lat'>,</span> 
     </span>
     <span class='ocr_line' id='line_1_24' title="bbox 165 2470 1258 2558; baseline 0.001 -22"><span class='ocrx_word' id='word_1_173' title='bbox 165 2483 236 2536; x_wconf 88' lang='lat' dir='ltr'><strong>tuuc</strong></span> <span class='ocrx_word' id='word_1_174' title='bbox 260 2472 363 2533; x_wconf 85' lang='lat' dir='ltr'><strong>saltem</strong></span> <span class='ocrx_word' id='word_1_175' title='bbox 384 2470 541 2533; x_wconf 88' lang='lat' dir='ltr'><strong>duodecim</strong></span> <span class='ocrx_word' id='word_1_176' title='bbox 568 2473 696 2533; x_wconf 85' lang='lat' dir='ltr'><strong>candelae</strong></span> <span class='ocrx_word' id='word_1_177' title='bbox 720 2474 856 2534; x_wconf 84' lang='lat' dir='ltr'><strong>ardentes</strong></span> <span class='ocrx_word' id='word_1_178' title='bbox 878 2473 1066 2552; x_wconf 81' lang='lat' dir='ltr'><strong>apponende.</strong></span> <span class='ocrx_word' id='word_1_179' title='bbox 1090 2473 1193 2541; x_wconf 55' lang='lat' dir='ltr'><strong>thid..</strong></span> <span class='ocrx_word' id='word_1_180' title='bbox 1252 2546 1258 2558; x_wconf 32' lang='lat'><em>⁶</em></span> 
     </span>
     <span class='ocr_line' id='line_1_25' title="bbox 165 2558 325 2619; baseline -0.013 0"><span class='ocrx_word' id='word_1_181' title='bbox 165 2575 249 2619; x_wconf 89' lang='lat' dir='ltr'><strong>num.</strong></span> <span class='ocrx_word' id='word_1_182' title='bbox 275 2558 325 2618; x_wconf 76' lang='grc'><strong>11.</strong></span> 
     </span>
    </p>
   </div>
   <div class='ocr_carea' id='block_1_6' title="bbox 490 2724 846 2785">
    <p class='ocr_par' dir='ltr' id='par_1_9' title="bbox 490 2724 846 2785">
     <span class='ocr_line' id='line_1_26' title="bbox 490 2724 846 2785; baseline 0.006 -2"><span class='ocrx_word' id='word_1_183' title='bbox 490 2724 670 2784; x_wconf 79' lang='grc' dir='ltr'><strong>ΕΧΤΒΕΜΑ</strong></span> <span class='ocrx_word' id='word_1_184' title='bbox 685 2725 846 2785; x_wconf 58' lang='lat' dir='ltr'><strong>unctio„</strong></span> 
     </span>
    </p>
   </div>
   <div class='ocr_carea' id='block_1_7' title="bbox 160 2900 1200 3644">
    <p class='ocr_par' dir='ltr' id='par_1_10' title="bbox 160 2900 1200 3644">
     <span class='ocr_line' id='line_1_27' title="bbox 201 2900 1191 2980; baseline 0.004 -18"><span class='ocrx_word' id='word_1_185' title='bbox 201 2904 368 2962; x_wconf 75' lang='lat' dir='ltr'><strong>Extremam</strong></span> <span class='ocrx_word' id='word_1_186' title='bbox 392 2900 566 2960; x_wconf 87' lang='lat' dir='ltr'><strong>linctionem</strong></span> <span class='ocrx_word' id='word_1_187' title='bbox 584 2917 689 2960; x_wconf 85' lang='lat' dir='ltr'><strong>verum</strong></span> <span class='ocrx_word' id='word_1_188' title='bbox 715 2919 776 2960; x_wconf 81' lang='lat' dir='ltr'><strong>csse</strong></span> <span class='ocrx_word' id='word_1_189' title='bbox 798 2920 881 2965; x_wconf 74' lang='lat' dir='ltr'><strong>nove</strong></span> <span class='ocrx_word' id='word_1_190' title='bbox 902 2901 973 2980; x_wconf 75' lang='lat' dir='ltr'><strong>lepis</strong></span> <span class='ocrx_word' id='word_1_191' title='bbox 992 2901 1191 2966; x_wconf 80' lang='lat' dir='ltr'><strong>Sacramen-</strong></span> 
     </span>
     <span class='ocr_line' id='line_1_28' title="bbox 163 2982 1195 3062; baseline 0.002 -17"><span class='ocrx_word' id='word_1_192' title='bbox 163 2995 227 3046; x_wconf 89' lang='lat' dir='ltr'><strong>turn</strong></span> <span class='ocrx_word' id='word_1_193' title='bbox 246 2983 262 3044; x_wconf 83' lang='lat' dir='ltr'><strong>ia</strong></span> <span class='ocrx_word' id='word_1_194' title='bbox 283 2983 400 3045; x_wconf 87' lang='lat' dir='ltr'><strong>Christo</strong></span> <span class='ocrx_word' id='word_1_195' title='bbox 420 2983 546 3043; x_wconf 89' lang='lat' dir='ltr'><strong>Domino</strong></span> <span class='ocrx_word' id='word_1_196' title='bbox 562 2983 749 3055; x_wconf 88' lang='lat' dir='ltr'><strong>institutum,</strong></span> <span class='ocrx_word' id='word_1_197' title='bbox 768 3003 820 3062; x_wconf 91' lang='lat' dir='ltr'><strong>per</strong></span> <span class='ocrx_word' id='word_1_198' title='bbox 838 2982 1010 3062; x_wconf 78' lang='lat' dir='ltr'><strong>Apostolum</strong></span> <span class='ocrx_word' id='word_1_199' title='bbox 1023 2986 1195 3053; x_wconf 82' lang='lat' dir='ltr'><strong>iacobum</strong></span> 
     </span>
     <span class='ocr_line' id='line_1_29' title="bbox 161 3066 1186 3144; baseline 0.003 -17"><span class='ocrx_word' id='word_1_200' title='bbox 161 3067 297 3127; x_wconf 78' lang='lat' dir='ltr'><strong>iidclilrus</strong></span> <span class='ocrx_word' id='word_1_201' title='bbox 325 3066 561 3126; x_wconf 87' lang='lat' dir='ltr'><strong>commendatum</strong></span> <span class='ocrx_word' id='word_1_202' title='bbox 586 3073 616 3125; x_wconf 91' lang='lat' dir='ltr'><strong>et</strong></span> <span class='ocrx_word' id='word_1_203' title='bbox 642 3067 887 3144; x_wconf 76' lang='lat' dir='ltr'><strong>promulgatum,</strong></span> <span class='ocrx_word' id='word_1_204' title='bbox 911 3067 1082 3128; x_wconf 81' lang='lat' dir='ltr'><strong>Tridentini</strong></span> <span class='ocrx_word' id='word_1_205' title='bbox 1109 3072 1186 3137; x_wconf 79' lang='grc' dir='ltr'><strong>ΡΡ.</strong></span> 
     </span>
     <span class='ocr_line' id='line_1_30' title="bbox 161 3147 1195 3224; baseline -0.003 -13"><span class='ocrx_word' id='word_1_206' title='bbox 161 3150 369 3211; x_wconf 84' lang='lat' dir='ltr'><strong>definiverunt.</strong></span> <span class='ocrx_word' id='word_1_207' title='bbox 392 3149 511 3211; x_wconf 79' lang='lat' dir='ltr'><strong>Materia</strong></span> <span class='ocrx_word' id='word_1_208' title='bbox 534 3147 597 3224; x_wconf 87' lang='lat' dir='ltr'><strong>ejus</strong></span> <span class='ocrx_word' id='word_1_209' title='bbox 623 3160 735 3209; x_wconf 88' lang='lat' dir='ltr'><strong>remota</strong></span> <span class='ocrx_word' id='word_1_210' title='bbox 761 3161 804 3210; x_wconf 87' lang='lat' dir='ltr'><strong>est</strong></span> <span class='ocrx_word' id='word_1_211' title='bbox 831 3152 929 3211; x_wconf 88' lang='lat' dir='ltr'><strong>oleum</strong></span> <span class='ocrx_word' id='word_1_212' title='bbox 959 3168 996 3211; x_wconf 79' lang='lat' dir='ltr'><strong>ex</strong></span> <span class='ocrx_word' id='word_1_213' title='bbox 1017 3150 1195 3221; x_wconf 80' lang='lat' dir='ltr'><strong>olivarum</strong></span> 
     </span>
     <span class='ocr_line' id='line_1_31' title="bbox 160 3231 1194 3312; baseline 0.002 -17"><span class='ocrx_word' id='word_1_214' title='bbox 160 3233 275 3295; x_wconf 87' lang='lat' dir='ltr'><strong>bacchis</strong></span> <span class='ocrx_word' id='word_1_215' title='bbox 294 3250 485 3312; x_wconf 83' lang='lat' dir='ltr'><strong>expressum,</strong></span> <span class='ocrx_word' id='word_1_216' title='bbox 505 3233 579 3293; x_wconf 91' lang='lat' dir='ltr'><strong>nulli</strong></span> <span class='ocrx_word' id='word_1_217' title='bbox 596 3233 680 3293; x_wconf 87' lang='lat' dir='ltr'><strong>alteri</strong></span> <span class='ocrx_word' id='word_1_218' title='bbox 697 3231 825 3292; x_wconf 85' lang='lat' dir='ltr'><strong>materiae</strong></span> <span class='ocrx_word' id='word_1_219' title='bbox 844 3235 947 3293; x_wconf 89' lang='lat' dir='ltr'><strong>saltem</strong></span> <span class='ocrx_word' id='word_1_220' title='bbox 967 3251 1003 3293; x_wconf 80' lang='lat' dir='ltr'><strong>en</strong></span> <span class='ocrx_word' id='word_1_221' title='bbox 1020 3245 1194 3311; x_wconf 88' lang='lat' dir='ltr'><strong>perpetuo</strong></span> 
     </span>
     <span class='ocr_line' id='line_1_32' title="bbox 161 3314 1200 3394; baseline 0 -16"><span class='ocrx_word' id='word_1_222' title='bbox 161 3334 216 3378; x_wconf 90' lang='lat' dir='ltr'><strong>usu</strong></span> <span class='ocrx_word' id='word_1_223' title='bbox 238 3314 370 3379; x_wconf 87' lang='lat' dir='ltr'><strong>Ecclesiae</strong></span> <span class='ocrx_word' id='word_1_224' title='bbox 400 3317 591 3392; x_wconf 81' lang='lat' dir='ltr'><strong>immixtum3</strong></span> <span class='ocrx_word' id='word_1_225' title='bbox 610 3335 677 3394; x_wconf 84' lang='lat' dir='ltr'><strong>quae</strong></span> <span class='ocrx_word' id='word_1_226' title='bbox 701 3324 799 3377; x_wconf 86' lang='lat' dir='ltr'><strong>tamen</strong></span> <span class='ocrx_word' id='word_1_227' title='bbox 830 3318 951 3376; x_wconf 87' lang='lat' dir='ltr'><strong>materia</strong></span> <span class='ocrx_word' id='word_1_228' title='bbox 974 3316 999 3375; x_wconf 89' lang='lat' dir='ltr'><strong>si</strong></span> <span class='ocrx_word' id='word_1_229' title='bbox 1016 3316 1046 3375; x_wconf 92' lang='lat' dir='ltr'><strong>in</strong></span> <span class='ocrx_word' id='word_1_230' title='bbox 1076 3325 1200 3394; x_wconf 64' lang='lat' dir='ltr'><strong>parra</strong></span> 
     </span>
     <span class='ocr_line' id='line_1_33' title="bbox 160 3398 1199 3479; baseline -0.001 -22"><span class='ocrx_word' id='word_1_231' title='bbox 160 3402 322 3476; x_wconf 87' lang='lat' dir='ltr'><strong>quantitate</strong></span> <span class='ocrx_word' id='word_1_232' title='bbox 339 3400 449 3468; x_wconf 84' lang='lat' dir='ltr'><strong>luerit,</strong></span> <span class='ocrx_word' id='word_1_233' title='bbox 469 3398 541 3460; x_wconf 81' lang='lat' dir='ltr'><strong>adeo</strong></span> <span class='ocrx_word' id='word_1_234' title='bbox 568 3409 600 3459; x_wconf 92' lang='lat' dir='ltr'><strong>ut</strong></span> <span class='ocrx_word' id='word_1_235' title='bbox 625 3418 684 3460; x_wconf 88' lang='lat' dir='ltr'><strong>non</strong></span> <span class='ocrx_word' id='word_1_236' title='bbox 701 3400 832 3458; x_wconf 87' lang='lat' dir='ltr'><strong>destruat</strong></span> <span class='ocrx_word' id='word_1_237' title='bbox 852 3400 908 3458; x_wconf 90' lang='lat' dir='ltr'><strong>olei</strong></span> <span class='ocrx_word' id='word_1_238' title='bbox 923 3399 1072 3479; x_wconf 88' lang='lat' dir='ltr'><strong>speciem,</strong></span> <span class='ocrx_word' id='word_1_239' title='bbox 1098 3405 1199 3465; x_wconf 80' lang='lat' dir='ltr'><strong>vali.</strong></span> 
     </span>
     <span class='ocr_line' id='line_1_34' title="bbox 160 3481 1196 3559; baseline 0.008 -22"><span class='ocrx_word' id='word_1_240' title='bbox 160 3481 245 3540; x_wconf 88' lang='lat' dir='ltr'><strong>ditati</strong></span> <span class='ocrx_word' id='word_1_241' title='bbox 262 3484 438 3542; x_wconf 85' lang='lat' dir='ltr'><strong>Sacramenti</strong></span> <span class='ocrx_word' id='word_1_242' title='bbox 452 3501 636 3559; x_wconf 85' lang='lat' dir='ltr'><strong>nequaquam</strong></span> <span class='ocrx_word' id='word_1_243' title='bbox 654 3484 754 3542; x_wconf 83' lang='lat' dir='ltr'><strong>cilicii.</strong></span> <span class='ocrx_word' id='word_1_244' title='bbox 772 3483 866 3542; x_wconf 85' lang='lat' dir='ltr'><strong>Debet</strong></span> <span class='ocrx_word' id='word_1_245' title='bbox 884 3483 954 3542; x_wconf 72' lang='lat' dir='ltr'><strong>verri</strong></span> <span class='ocrx_word' id='word_1_246' title='bbox 966 3484 1063 3542; x_wconf 91' lang='lat' dir='ltr'><strong>oleum</strong></span> <span class='ocrx_word' id='word_1_247' title='bbox 1084 3483 1196 3557; x_wconf 52' lang='lat' dir='ltr'><strong>istual</strong></span> 
     </span>
     <span class='ocr_line' id='line_1_35' title="bbox 160 3561 1189 3644; baseline 0.011 -27"><span class='ocrx_word' id='word_1_248' title='bbox 160 3561 313 3641; x_wconf 87' lang='lat' dir='ltr'><strong>episcopali</strong></span> <span class='ocrx_word' id='word_1_249' title='bbox 336 3564 538 3626; x_wconf 87' lang='lat' dir='ltr'><strong>benedictione</strong></span> <span class='ocrx_word' id='word_1_250' title='bbox 553 3566 620 3627; x_wconf 83' lang='lat' dir='ltr'><strong>autd</strong></span> <span class='ocrx_word' id='word_1_251' title='bbox 637 3566 742 3628; x_wconf 88' lang='lat' dir='ltr'><strong>sacrari</strong></span> <span class='ocrx_word' id='word_1_252' title='bbox 758 3609 766 3638; x_wconf 90' lang='lat'>,</span> <span class='ocrx_word' id='word_1_253' title='bbox 785 3576 820 3626; x_wconf 84' lang='lat' dir='ltr'><strong>ut</strong></span> <span class='ocrx_word' id='word_1_254' title='bbox 833 3585 870 3626; x_wconf 82' lang='lat' dir='ltr'><strong>cx</strong></span> <span class='ocrx_word' id='word_1_255' title='bbox 887 3564 1092 3644; x_wconf 76' lang='lat' dir='ltr'><strong>anitiquissimd</strong></span> <span class='ocrx_word' id='word_1_256' title='bbox 1116 3570 1189 3631; x_wconf 78' lang='grc' dir='ltr'><strong>ΡΙ).</strong></span> 
     </span>
    </p>
   </div>
   <div class='ocr_carea' id='block_1_8' title="bbox 0 0 1326 4167">
    <p class='ocr_par' dir='ltr' id='par_1_11' title="bbox 0 0 1326 4167">
     <span class='ocr_line' id='line_1_36' title="bbox 0 0 1326 4167; baseline 0 3"><span class='ocrx_word' id='word_1_257' title='bbox 0 0 1326 4167; x_wconf 95' lang='lat' dir='ltr'><strong> </strong></span> 
     </span>
    </p>
   </div>
  </div>
 </body>
</html>
