2642 4167
472 492 852 710 sutton

559 907 778 990 LECTORI.

616 1208 724 1230 ‘-

165 1454 331 1579 Psanites
353 1512 425 1570 sunt
452 1503 496 1568 ad
521 1501 672 1568 Moralem
699 1501 919 1583 Tltealaaiam,
944 1511 1033 1585 alque
1056 1505 1098 1570 ad
1115 1505 1172 1587 jus

166 1604 349 1668 canonicum
369 1599 571 1681 pertinentia,
590 1614 658 1680 qna
674 1592 865 1659 Benedictus
887 1595 974 1661 XIV.
988 1599 1175 1662 immortalis

165 1697 321 1761 memoria
345 1694 491 1776 Pantisea
512 1692 547 1756 in
572 1690 709 1773 aperibat
731 1690 794 1760 suis
820 1691 888 1754 ueri
913 1692 1016 1754 aureis
1039 1693 1174 1773 sparsim

166 1791 433 1863 disseminaverat,
451 1803 577 1868 quaque
602 1783 735 1849 saimtia
757 1784 885 1854 moralis
909 1785 1058 1847 studiosas
1082 1786 1174 1864 iana·

164 1901 237 1947 ears
263 1882 391 1945 omnint)
417 1880 544 1944 dedecet.
572 1878 632 1944 Sed
657 1877 729 1941 atim
754 1895 819 1941 nan
843 1894 946 1939 amnes
970 1878 1062 1940 uaria
1086 1878 1173 1941 illius

165 1991 259 2055 opera
282 1975 402 2052 intrara
423 1973 470 2035 ml
495 1988 607 2047 emere,
634 1972 682 2035 uel
702 1971 794 2050 leaena
804 1970 940 2051 possint,
956 1971 1122 2051 opportune·
1136 1970 1171 2033 in

164 2075 295 2131 mentem
319 2067 399 2129 senil
421 2064 458 2127 P.
479 2064 598 2127 lassum
621 2063 782 2127 Dautniaa
802 2062 927 2143 Mense,
949 2069 1026 2128 lana
1047 2082 1171 2144 cauare·

164 2160 299 2242 aalianis
318 2159 428 2223 llatris
449 2158 525 2232 Dei,
550 2159 660 2222 deinde’
680 2158 913 2239 Arcaiapiscapa
931 2157 1076 2234 Lucensi,
1101 2161 1171 2223 aira

165 2252 360 2326 doetissim03
378 2259 486 2314 elnon
505 2249 605 2314 saliem
627 2249 793 2325 initalia,
813 2250 922 2314 aerium
942 2252 1033 2315 etiam
1051 2250 1085 2312 iu
1107 2259 1171 2314 tata

165 2345 234 2411 arde
255 2344 404 2409 litteraria
424 2343 637 2409 eruditissimis
656 2343 741 2409 libris
761 2344 826 2406 suis
845 2344 1050 2419 celeberrima,
1064 2345 1171 2425 Epita-

164 2457 234 2504 men
253 2439 421 2522 quamdam
441 2439 584 2519 canticare
605 2437 698 2501 tatius
712 2437 859 2502 doctrina
881 2436 1008 2523 muralis
1030 2445 1058 2501 et
1079 2457 1172 2502 sana·

165 2534 244 2598 nisa
269 2551 309 2597 ea
336 2532 421 2596 illius
444 2531 601 2615 Pantiiais
628 2532 767 2613 aperidur
790 2540 948 2612 excerpta.
972 2530 1052 2596 Cium
1076 2533 1173 2612 initur

165 2626 252 2691 nadis
275 2625 470 2707 explanatum
489 2625 546 2699 sit,
565 2624 719 2706 quantum
734 2626 784 2688 liis
795 2624 994 2688 emditis'simi
1006 2624 1068 2688 uiri
1086 2625 1174 2689 lalor

165 2719 310 2799 tlealoais
337 2719 475 2785 omniun
497 2718 643 2799 prolatus
670 2719 731 2791 sit.
757 2718 887 2782 remiis
913 2726 1089 2799 peraratum
1115 2736 1174 2782 nas

165 2811 303 2891 [naturas
325 2829 387 2875 essa
413 2812 680 2890 existimavimus,
707 2811 734 2874 si
761 2811 850 2874 illam
876 2829 960 2875 uuna
987 2810 1110 2875 drmiem
1133 2811 1174 2875 ad

165 2905 268 2969 eadem
288 2904 459 2968 clarissima
481 2908 614 2969 Auctarr
630 2904 771 2986 plurilus
798 2904 834 2966 in
862 2903 936 2967 lacis
958 2904 1173 2981 emendatam,

164 2998 310 3080 uanaque
331 2997 548 3061 additamentis
567 2997 756 3062 illustratam
778 2997 857 3078 typis
879 2997 992 3061 nastris
1012 2997 1177 3063 excudere-

164 3108 244 3155 mus.
262 3090 346 3154 Eam
364 3090 460 3171 initur
477 3090 598 3171 enam,
623 3091 714 3155 lectae
736 3089 892 3165 benevale,
915 3096 944 3153 et
962 3091 1100 3156 studium
1116 3108 1177 3174 pn·

102 3185 108 3194 '
164 3182 249 3249 ilica
269 3183 412 3249 utilitatis
431 3191 572 3250 nastrum
590 3201 628 3249 ns
650 3185 833 3267 asperneris.
847 3183 929 3249 Vale.
