2642 4167
382 246 426 302 De
447 242 727 322 intercapedinir'hrrs
743 242 897 321 feriendis.
1104 249 1143 306 27

135 345 272 422 telligunt
291 342 371 404 certi
390 344 522 420 prolerre
539 343 613 404 illud
634 344 674 403 in·
689 360 775 403 sensu
798 343 916 422 pejore,
936 343 967 404 id
982 352 1027 405 est
1039 346 1142 424 llispa·

134 445 244 487 norum
264 427 436 500 idiomatis,
458 426 507 486 sed
530 426 701 487 advertatur
724 427 832 500 simul,
850 433 884 486 ut
904 436 1003 488 careat
1022 426 1039 489 b
1059 446 1142 490 scan-

134 511 220 582 dala,
239 511 271 570 si·
284 528 418 588 unquam
435 508 559 570 adesset.

170 597 222 658 ⁶28.
244 598 409 672 lnterrogct
429 598 460 656 2.
483 598 507 655 si
529 592 709 654 excecaverit
732 595 765 653 in
790 594 853 655 dies
875 604 1010 668 sanctos,
1035 613 1141 674 nempe

133 677 293 753 Pascham,
315 679 467 752 Natalem,
488 676 701 756 Epiphaniam,
722 676 882 737 Sabbatum
901 679 1058 754 Sanctum,
1082 688 1139 739 ete.

132 762 215 840 quod
232 765 364 822 excusari
381 780 443 823 non
460 770 557 841 potest
576 769 593 821 t
611 761 753 833 mortali,
773 761 841 822 licet
862 763 949 822 multi
962 763 1051 825 rudes
1064 762 1141 824 clare

134 863 196 904 non
212 844 436 923 apprehendant
452 854 487 906 ut
506 846 584 914 tole,
601 845 653 905 sed
674 845 744 922 quia
765 855 809 905 est
828 845 973 918 dubium,
988 847 1013 906 si
1035 864 1141 926 appre-

132 926 287 1003 hendunt,
309 947 346 988 an
370 948 450 1001 non,
475 930 669 1005 investigetur
688 929 725 989 de
749 947 895 1002 numero,
919 940 949 990 et
971 928 1139 1007 hujusmodi

131 1011 323 1088 blasphemie
343 1014 526 1091 accipiantur
547 1022 581 1071 ut
596 1023 667 1072 suat
688 1031 787 1073 coram
810 1015 882 1074 Deo.
903 1015 933 1074 5.
953 1015 1139 1093 Interroget,

131 1095 159 1155 si
173 1104 328 1173 postquam
340 1096 498 1174 protulerit
513 1093 708 1173 blasphemias
721 1098 751 1155 in
764 1097 877 1167 Deum,
893 1098 924 1156 in
937 1098 1074 1171 Sanctus,
1089 1105 1141 1156 aut

132 1178 246 1238 indies
267 1197 380 1248 sacros,
397 1177 568 1238 immediate
581 1178 786 1254 subjunxerit,
805 1181 834 1238 ei
854 1196 901 1240 eos
921 1197 971 1259 eqo
990 1178 1067 1258 soci,
1089 1190 1141 1241 aut

132 1269 249 1342 eccepto
264 1264 337 1322 Deo.
355 1264 472 1322 Etenim
494 1263 537 1322 illi
559 1263 667 1332 rudes,
690 1262 747 1341 qui
763 1262 867 1321 dieunt
887 1264 927 1321 ita
948 1264 1035 1323 unico
1054 1274 1139 1335 actu,

132 1343 210 1405 bend
228 1355 312 1405 notat
328 1348 439 1406 Artatur
460 1347 691 1406 instructionum
718 1364 773 1425 pro
795 1347 975 1407 confessariis
997 1365 1140 1426 pagorum

131 1431 221 1509 (Cup.
238 1432 267 1491 5.
280 1448 312 1509 p.
327 1430 426 1508 tlt),
444 1432 548 1489 saltem
567 1428 729 1490 excusarit
749 1430 850 1507 gravi,
864 1442 986 1510 propter
1003 1433 1141 1509 ignoran-

130 1512 227 1583 tiam,
249 1515 322 1574 dum
348 1532 408 1573 non
428 1513 586 1573 intendunt
609 1523 682 1573 tune
703 1512 914 1592 blasphemiam
935 1517 1089 1594 prolerre;
1111 1526 1142 1576 et

130 1596 203 1657 lieet
217 1598 351 1675 inupcre
362 1596 440 1675 (tit.
453 1598 483 1658 i.
497 1598 607 1659 mtto.
619 1617 648 1657 u.
661 1597 710 1659 Sic
725 1600 850 1677 quoque)
865 1600 990 1659 dixerim
1012 1599 1070 1676 (l),
1084 1600 1141 1660 tale

131 1680 255 1741 enatum
271 1699 333 1740 esso
346 1697 447 1741 rernm
464 1681 695 1760 blasphemiam,
709 1682 778 1759 quia
797 1682 833 1740 ad
853 1680 1064 1758 blasphemiam
1081 1700 1141 1742 non

129 1766 297 1843 requiritur
320 1766 446 1825 intentio
470 1765 648 1838 execrandi,
674 1765 726 1825 sed
748 1764 855 1823 sufficit
877 1762 957 1841 qadd
979 1766 1140 1844 propositio

129 1851 170 1910 sit
189 1851 222 1908 in
239 1852 335 1910 Deam
347 1894 355 1918 ,
368 1860 420 1909 aut
440 1851 471 1910 in
484 1852 604 1911 Sanetus
620 1849 849 1925 contumeliosa;
869 1847 1063 1912 nilriiomintis
1078 1870 1141 1912 me·

129 1934 190 1992 lius
206 1932 279 1993 mihi
298 1951 363 1992 rem
383 1935 579 1995 consideranti
599 1934 718 1994 videtur
737 1950 799 1992 csse
817 1934 969 2011 probabile
986 1933 1061 1995 lianc
1079 1954 1140 1998 non

129 2034 194 2075 csse
213 2016 426 2095 blasphemiam
438 2062 445 2089 ,
458 2018 604 2096 siquidem
616 2035 706 2078 verus
717 2016 949 2094 uniuscujusque
970 2020 1141 2096 propositio

130 2105 180 2159 nis
191 2118 292 2160 sensus
308 2101 345 2161 ab
359 2103 471 2161 ultimis
482 2102 579 2162 verbis
595 2101 873 2180 designatur311nde
887 2101 1031 2161 benedici
1046 2111 1141 2182 potest

129 2185 281 2262 praelatam
303 2186 555 2263 propositionem,
578 2183 694 2261 integre
711 2195 878 2261 acceptam,
897 2203 957 2244 non
980 2186 1140 2263 importare

129 2269 356 2327 contumeliam.
380 2269 437 2327 Sed
459 2272 545 2329 aliter
567 2268 749 2340 dicendum,
771 2267 795 2326 si
816 2268 867 2327 ille
892 2275 1046 2346 postquam
1073 2270 1141 2331 verb

129 2359 282 2409 execratus
297 2353 407 2424 tuerit,
421 2362 455 2412 ut
470 2353 547 2413 malo
564 2350 627 2429 jam
644 2360 761 2431 patrato
778 2352 965 2426 mederetur,
986 2352 1096 2414 diceret
1113 2353 1143 2414 si

127 2450 183 2513 eqo
202 2433 277 2510 (teci,
298 2444 354 2494 ete.

171 2518 221 2576 ἓξ).
251 2518 444 2590 Notandum,
474 2517 554 2597 qudd
578 2517 645 2580 edm
666 2518 755 2580 rudes
777 2519 897 2593 dicant,
924 2514 1081 2579 trocledieto
1100 2519 1141 2581 sit

126 2597 205 2678 fider
230 2608 303 2670 tuo,
325 2601 413 2679 rulgd
435 2603 597 2683 marsuppio
619 2600 651 2663 le
674 2603 739 2681 tede
762 2610 833 2677 tue,
857 2621 917 2662 non
941 2604 1084 2678 accipitur
1108 2612 1141 2662 ut

128 2681 1142 2764 blasphemia,quianonintetligunttidcmeristianam‚etnomine

125 2764 204 2844 fidei
219 2774 316 2843 potest
328 2785 446 2845 quoque
458 2771 585 2846 intelligi
602 2768 677 2827 fides
688 2765 816 2825 humana
827 2785 837 2840 3
849 2767 934 2823 aliter
943 2774 1041 2823 autem
1056 2765 1142 2827 debet

125 2850 258 2927 judicari
274 2852 299 2909 si
322 2862 529 2913 execrarentur
549 2854 581 2912 in
600 2848 690 2931 fidem
711 2856 864 2925 sanctem,
887 2858 937 2909 aut
958 2847 1079 2910 Christi.
1101 2852 1142 2910 lta

128 2935 245 3012 pariter
270 2953 331 2994 non
355 2945 398 2995 est
421 2938 546 2996 mortale
567 2934 742 2996 maledicere
761 2932 906 3004 retorterio,
929 2935 985 2995 nisi
1008 2936 1143 2995 nomino·

127 3027 240 3077 rentur
255 3027 307 3079 aut
324 3020 560 3098 intelligerentur
576 3016 699 3098 praecise
717 3017 735 3078 b
759 3018 929 3097 proferente
949 3019 1053 3078 animae
1072 3037 1145 3097 pur·

129 3103 265 3179 guterii,
287 3104 335 3163 rcl
357 3105 468 3164 mortui
493 3105 523 3163 in
537 3102 671 3172 Christo,
686 3110 739 3161 out
757 3104 864 3161 animm
886 3109 1086 3162 mortuorum.
1101 3103 1145 3162 Pe

128 3182 190 3245 boe
214 3195 326 3263 puncto
345 3184 407 3262 jam
427 3188 458 3247 in
470 3188 567 3265 Opere
589 3184 669 3263 (Lib.
683 3187 713 3245 h.
726 3203 758 3245 rr.
773 3185 853 3264 l50.)
868 3186 982 3246 loeutus
994 3203 1059 3245 sum
1071 3207 1080 3245 ε
1094 3187 1144 3246 scd

130 3266 280 3343 quiahoc
302 3276 346 3328 est
362 3280 507 3347 punctum
531 3269 569 3328 ob
590 3270 656 3327 aliis
677 3268 855 3328 Auctoribus
876 3287 936 3329 non
959 3269 1143 3343 discussum,

128 3350 225 3440 refert
247 3352 324 3412 illud
353 3350 402 3412 hie
422 3353 460 3412 ad
482 3354 626 3413 trutinam
647 3370 802 3425 revocare,
828 3361 862 3412 ut
883 3351 989 3414 elariirs
1005 3356 1143 3433 patefiat,

162 3553 194 3613 (t)
204 3551 294 3602 indicat
304 3563 389 3604 auctor
401 3556 499 3617 primam
510 3570 555 3605 nou
564 3564 695 3603 correctam
711 3555 836 3603 editionem
847 3555 948 3601 Morrtir.

953 3694 970 3712 Π
994 3629 1061 3677 didit.

951 3712 984 3753 i)-
