2642 4167
388 208 393 243 ;
426 188 428 192 “
464 187 515 247 Be
527 184 661 269 opeea'les
672 184 824 247 Benedicti
833 189 922 250 XIV.
1137 184 1196 256 tut

193 290 334 359 edicere,
363 289 493 349 5511555
513 291 651 350 interesse
674 289 821 348 omnibus·
839 289 901 348 istis
930 290 1140 365 electionibus,
1157 312 1194 354 ex

191 374 508 454 quosctismsuilestut
528 373 818 433 suamvoluntatem.
840 375 967 449 Despu.
986 374 1074 436 dioee.
1094 378 1148 439 lib.
1163 379 1193 438 5.

185 458 188 463 ”
190 459 284 519 5..55
311 476 342 516 n.
361 458 391 516 5.
469 504 472 509 .

197 541 402 602 Monialiont
420 540 575 600 transitum
594 539 633 600 de
655 557 715 599 uno
737 537 774 598 55
791 538 871 598 aliud
885 534 1111 615 monasterium,
1125 561 1193 604 cum

191 625 368 689 monialibus
389 625 464 684 ultra
491 634 606 697 montes
623 622 756 683 coneedit
777 641 911 683 summus
933 586 1196 700 Poeuitentiarius3

192 712 242 788 qui
267 721 364 769 tamen
385 709 529 768 facultatis
556 707 645 785 hujus
673 707 873 769 executionem
894 707 1042 769 ordinarii
1072 710 1195 770 arbitrio

191 793 458 857 summittitessulla
471 795 589 852 Pastor·
603 791 707 872 55555.

229 877 393 939 Trouslntio
412 877 584 935 ntoniealium
602 876 639 934 ab
660 894 719 935 uno
740 876 775 935 55
798 876 877 936 51155
898 878 1108 938 monasterium
1128 877 1193 938 fieri

187 962 256 1039 jure
268 962 393 1039 nequit,
409 960 465 1019 nisi
481 958 519 1018 de
536 959 652 1019 lieeutiti
667 961 787 1021 Romani
803 962 970 1030 Pantilius,
991 964 1045 1021 nisi
1060 963 1195 1040 exigente

192 1047 291 1124 ulique
310 1048 570 1123 repentinum,
596 1043 627 1102 in
647 1061 707 1120 quo
727 1047 767 1103 rei
787 1047 938 1104 necessitas
957 1047 1051 1125 exigat
1065 1047 1195 1123 repenti-

191 1147 262 1190 num
277 1145 449 1208 egressum,
469 1135 540 1185 tunc
562 1127 641 1185 enim
653 1131 806 1206 etiampro
825 1129 1001 1188 monialibus
1013 1130 1195 1207 regularibus

191 1213 347 1287 subjectis,
371 1220 479 1288 5555555
496 1211 661 1269 facultatem
684 1212 796 1288 praeluti
815 1213 976 1287 regularis,
1000 1214 1132 1291 Episcopi
1158 1214 1194 1273 li-

190 1301 283 1358 eoutia
305 1298 337 1356 in
356 1296 482 1372 seriptis
489 1295 663 1372 requiritur.
683 1296 812 1354 BulluS
834 1295 888 1355 Pii
907 1297 943 1356 V.
958 1295 1065 1356 Decori
1088 1304 1117 1357 et
1141 1295 1195 1359 lto·

189 1380 306 1444 aestati.

199 1467 316 1531 Cusus
336 1462 481 1544 repentini
502 1463 696 1524 indicantur
687 1483 718 1524 m
735 1463 837 1524 555555
858 1463 961 1535 batto,
986 1470 1126 1561 magnum
1148 1466 1195 1526 iu·

191 1522 352 1619 55551515,
380 1548 536 1607 inlirmitas
557 1548 665 1625 155555,
693 1567 726 1608 55
743 1549 922 1626 epidemioe,
948 1548 1009 1607 sive
1032 1550 1132 1626 pestis.
1151 1550 1194 1609 De

191 1636 262 1713 Syn.
278 1634 364 1693 dioee.
386 1632 408 1691 l.
429 1631 458 1690 9.
482 1649 509 1691 5.
527 1631 574 1691 tt.
590 1651 621 1691 n.
644 1632 674 1692 8.

229 1719 295 1778 Non
310 1717 377 1776 licet
390 1724 488 1775 autem
506 1716 615 1793 absque
625 1718 761 1777 icetrltate
775 1716 1033 1796 sedisapostolicae
1047 1732 1194 1795 egressum

191 1799 271 1865 hune
292 1802 484 1879 permittere,
507 1800 621 1860 etiamsi
648 1802 760 1879 possint
780 1819 934 1860 occurrere
952 1818 1033 1859 casus
1048 1802 1118 1872 5111,
1142 1802 1194 1880 551

191 1885 911 1964 555555555555555155555555555555.
933 1886 1196 1947 1555555555155-

191 1970 272 2030 tioue
291 1969 457 2048 expressit,
482 1979 515 2029 ut
540 1970 564 2028 si
588 1987 636 2028 ex
658 1989 704 2048 gr
725 1972 764 2030 sit
783 1972 880 2048 511555
903 1960 1059 2043 monialis,
1084 1987 1129 2030 ex
1138 1974 1195 2047 555

191 2054 352 2130 prudenter
373 2053 472 2113 timeri
498 2054 588 2131 possit
608 2055 772 2132 periculum
800 2055 927 2151 scandali
945 2062 975 2114 et
998 2055 1195 2133 perversionis

193 2137 327 2196 ullarum.
342 2135 415 2196 ibid.

230 2220 399 2297 Superiores
413 2221 584 2281 monialium
600 2222 739 2283 tenentur
756 2223 821 2295 bis,
839 2232 903 2284 aut
909 2232 955 2283 ter
973 2223 1096 2300 singulis
1111 2225 1196 2283 suuis

193 2302 331 2365 5515115555
353 2306 541 2364 confessarios
565 2308 811 2366 extraordinarios
843 2308 1025 2366 monasteriis
1047 2306 1102 2363 sibi
1126 2307 1196 2366 sub·

191 2388 292 2465 jectis,
306 2388 413 2468 quibus
433 2397 529 2448 tamen
547 2391 588 2448 sie
608 2391 713 2449 oblatis
737 2408 796 2449 non
814 2399 952 2448 tenentur
970 2389 1109 2448 moniales
1126 2407 1196 2447 eon·

194 2472 269 2533 uteri
293 2482 407 2549 peccata
424 2490 495 2548 555,
514 2474 564 2532 scd
580 2473 766 2532 solummodo
779 2490 810 2532 se
824 2483 1019 2549 praesentare,
1042 2479 1075 2530 55
1093 2473 1195 2533 saltem

193 2556 334 2633 accipiunt
347 2557 384 2615 nb
399 2557 457 2615 illis
473 2558 583 2616 monita
605 2558 752 2617 salutarie.

205 2680 209 2685 -
230 2641 261 2700 st
276 2638 346 2699 5555
367 2640 464 2718 eliqua
484 2642 620 2700 monialis
634 2641 762 2719 graviter
783 2649 921 2717 egrotae,
935 2649 970 2699 ut
987 2641 1025 2699 sit
1040 2639 1071 2699 iu
1092 2641 1196 2716 murt-is

193 2724 339 2802 periculo,
366 2734 502 2802 petatque
524 2725 615 2784 elium
634 2725 836 2794 sacerdotem,
856 2726 908 2802 qui
933 2724 1051 2783 nonsit
1078 2724 1197 2783 ordina-

192 2811 254 2868 rias
276 2810 442 2870 monasterii
464 2811 628 2882 consessor,
651 2810 720 2870 iruic
742 2811 759 2871 5
784 2811 945 2888 respective
969 2809 1119 2887 superiore
1143 2828 1196 2867 an·

193 2895 345 2957 nuendum
376 2901 430 2953 est.
454 2894 483 2953 Si
504 2893 575 2954 iord
596 2896 733 2973 superior
763 2895 905 2972 regularis
929 2896 1013 2954 illum
1039 2892 1197 2954 concedere

194 2978 345 3049 noluerit,
369 2986 464 3055 potest
485 2977 515 3037 id
544 2981 673 3056 prestari
698 2980 736 3038 ult
765 2981 917 3062 Episcopo.
943 2979 1022 3051 Quin
1051 2977 1139 3036 etiam
1171 2977 1195 3036 si

193 3060 299 3137 alique
313 3061 449 3123 monialis
472 3061 561 3120 etiem
575 3073 657 3121 extra
679 3063 852 3140 praedictum
874 3081 971 3122 essum
993 3061 1121 3140 postulet
1139 3060 1194 3121 sibi

193 3162 247 3220 per
268 3143 387 3222 aliquod
417 3153 533 3220 tempus
565 3146 655 3204 uliam
682 3147 891 3205 confessarium
914 3146 951 3205 ab
975 3145 1123 3204 ordinario
1150 3145 1196 3204 di·

194 3244 333 3298 versum,
354 3227 442 3289 551555
457 3226 505 3287 1111
531 3227 594 3287 dari
617 3227 703 3287 5555
730 3231 891 3308 superiore.
909 3227 994 3302 Quod
1016 3229 1039 3287 si
1062 3229 1196 3306 superior

194 3311 361 3391 regularis
369 3311 401 3371 15
425 3313 577 3382 renuerit,
609 3318 681 3372 tune
718 3323 814 3390 potest
839 3314 997 3392 Episcopus
1036 3313 1197 3372 satisfacere

194 3392 258 3470 ejus
278 3396 436 3472 petitioni,
453 3397 566 3455 etiamsi
584 3397 717 3473 requiret
730 3399 850 3459 alterius
872 3398 985 3457 ordinis
1008 3398 1195 3475 regularem,

195 3477 243 3538 tel
268 3479 358 3539 etium
380 3480 558 3542 sacerdotem
579 3480 750 3540 secularem
771 3484 807 3540 ex
830 3480 996 3560 approbatis
1011 3478 1028 3539 5
1046 3480 1197 3559 superiore

196 3559 233 3621 ad
238 3562 326 3705 1pou
322 3580 449 3715 eppoues
476 3562 663 3633 monialium
692 3562 819 3626 Demtim
847 3563 1007 3627 sustentur·
1033 3564 1196 3643 superiores

262 3661 319 3707 ont
1006 3649 1043 3706 55
