2642 4167
186 189 247 253 ato
379 190 514 272 Epitoote
523 189 663 253 doctrine
675 185 797 252 alteratis
807 198 836 250 et
849 187 995 251 caturcino

187 290 284 370 seopi3
298 291 325 353 s'i
345 292 452 353 iudicio
471 291 508 353 ad
529 301 674 352 torturam
693 291 867 351 sufficientia
893 290 1094 370 reperiantur,
1119 301 1192 354 tune

187 375 401 451 consignandos
421 386 545 437 estrees
558 375 652 454 judici
667 377 797 435 saeculari
813 376 980 454 (obligando
993 384 1091 436 minen
1103 376 1192 438 iilum

188 458 244 521 tub
265 461 567 521 excommunicatione
582 461 648 520 late
671 460 826 521 sententiar
846 469 880 520 ut
891 461 915 520 si
931 477 1000 519 reus
1021 463 1193 538 purgaverit

189 543 316 614 iudicia,
330 547 502 606 restituatur
515 546 672 622 Ecclesia).

226 635 257 695 si
275 634 468 697 homicidium
488 647 690 716 perpetratum
707 644 752 696 est
774 636 806 696 iu
822 637 895 697 locis
913 634 930 694 a
945 611 1102 696 residentid
1122 638 1192 715 Epi-

189 719 268 796 scopi
278 722 415 792 remotis,
427 722 563 791 mundat,
576 730 609 781 ut
619 719 802 779 demandato
814 719 947 797 Episcopi
959 720 1066 779 Viearii
1080 722 1202 782 foranei

189 802 294 863 indicia
312 806 348 865 ad
362 808 570 865 extructionem
591 803 749 863 neccssaria
766 801 894 880 juridici
913 801 1067 881 colligant,
1082 806 1195 865 statim·

189 904 246 965 que
257 888 294 947 ed
306 891 479 967 Episcopum
492 890 705 948 transmittant.

226 980 464 1058 Transgressores
487 999 575 1040 sacre
598 979 813 1048 immunitatis,
837 979 925 1039 etiam
947 978 1043 1056 quoad
1069 998 1192 1057 poeuas,

187 1060 456 1142 deela1·ute0s,qui
475 1066 538 1123 sine
554 1081 676 1123 recursu
698 1061 735 1120 ad
752 1064 925 1139 Episcopum
939 1061 1114 1136 extrahunt,
1128 1067 1192 1125 siro

188 1146 277 1205 otium
295 1146 429 1207 ebsiddre
449 1154 632 1227 praesumunt
653 1147 717 1206 loca
748 1146 910 1212 immunia,
931 1163 971 1204 ne
991 1147 1130 1206 alimenta
1152 1150 1190 1209 ad

189 1245 271 1288 reum
288 1229 458 1292 deseruntur
466 1277 476 1308 ,
494 1234 557 1291 site
574 1232 660 1291 aliter
674 1239 896 1310 cognotorum,
912 1238 945 1287 ut
956 1246 988 1287 se
1004 1229 1090 1290 dedat
1102 1235 1193 1293 corice

186 1314 329 1375 seculari.

225 1404 284 1478 Qui
295 1408 336 1467 sic
348 1409 480 1487 egerint,
495 1407 592 1487 privat
603 1425 652 1467 eos
662 1405 732 1483 jure
749 1405 834 1483 asyli.

225 1497 257 1557 Si
271 1517 337 1576 quur
348 1501 426 1578 riget
436 1499 614 1561 cousuetudo
628 1499 707 1558 inter
723 1496 865 1557 finitimos
875 1496 1021 1575 principes
1031 1542 1039 1570 ‚
1051 1506 1085 1559 ut
1094 1499 1193 1561 homi·

188 1581 260 1645 cide
280 1586 494 1645 committentes
514 1584 654 1644 delictum
676 1583 708 1642 in
729 1581 899 1640 alterutrius
915 1580 1046 1654 ditione,
1072 1584 1193 1661 capian-

190 1674 256 1739 tur,
270 1677 300 1728 et
320 1667 602 1729 transmittanturad
619 1667 784 1744 principem
798 1665 872 1736 loci,
888 1664 938 1723 ubi
957 1664 1096 1725 delictum
1111 1686 1193 1727 eom·

188 1751 310 1811 missum
324 1762 385 1824 est,
401 1753 437 1812 ab
453 1755 592 1832 Episcopo
606 1751 661 1812 loci
673 1749 825 1811 homicidii
838 1749 954 1826 exquiri
963 1747 1051 1825 jubet
1064 1752 1192 1822 iudicia,

74 1852 78 1857 ·
187 1842 218 1894 ct
230 1837 387 1896 transmitti
410 1837 446 1896 ad
462 1838 638 1914 Episcopum
658 1835 752 1916 asyli,
766 1832 804 1894 ad
820 1850 910 1911 quem
922 1833 1054 1911 pertinet
1069 1836 1193 1896 manda·

188 1924 251 1976 tum
264 1917 335 1977 dare
350 1919 387 1978 de
400 1921 591 1980 extractione.

225 2007 293 2069 llaec
306 2018 403 2071 tamen
423 2013 500 2072 bulla
517 2010 637 2071 lata'est
657 2007 773 2070 tantiun
787 2027 841 2087 pro
854 2008 967 2070 ditione
986 2009 1190 2087 ecelesiastch,

187 2099 217 2152 et
235 2109 289 2169 pro
304 2095 362 2155 illis
377 2096 576 2176 principibus,
590 2095 642 2174 qui
654 2112 720 2154 eam
737 2095 960 2171 postulaverint.

225 2184 441 2256 Haeretici‚aut
462 2187 499 2247 de
517 2186 620 2251 haeresi
636 2187 785 2265 suspecti,
807 2187 901 2246 ludaei
920 2194 987 2265 post
1008 2185 1191 2266 baptismum

186 2270 219 2328 io
242 2273 412 2347 apostasiam
434 2272 524 2350 lapsi,
544 2279 668 2350 possunt
694 2271 731 2330 ab
760 2271 986 2348 inquisitoribus
1008 2271 1121 2330 extrahi
1151 2274 1192 2332 alr

187 2353 329 2426 Ecclesid‚
344 2355 394 2415 sed
411 2356 458 2415 vel
475 2364 562 2427 ante,
579 2356 625 2415 vel
645 2366 712 2434 post
724 2362 893 2432 capturam,
907 2354 1087 2415 commoneri
1101 2354 1195 2416 debet

187 2434 482 2519 Episcopuslincyel.
495 2441 532 2500 ad
546 2440 683 2518 Inquisit.
696 2437 807 2517 Elapso
819 2439 965 2518 proxime.

224 2529 281 2604 Qui
296 2530 313 2592 e
332 2533 396 2594 loce
414 2528 719 2610 relegationis‚stvee
740 2532 923 2602 carceribus,
937 2531 999 2590 sire
1017 2529 1194 2590 triremibus

187 2616 219 2674 in
232 2618 345 2694 asylum
364 2635 396 2677 se
418 2618 558 2695 proripit,
572 2617 628 2676 nisi
643 2634 711 2676 reus
731 2614 769 2675 sit
789 2612 1026 2692 criminumque
1046 2614 1194 2674 iminuni-

187 2707 245 2758 tute
265 2703 438 2778 privantur,
450 2699 518 2777 jure
540 2701 613 2778 asyli
631 2701 755 2778 potitur.
768 2698 842 2758 lbid
857 2717 889 2758 u.
906 2700 935 2757 tt.

224 2792 321 2852 Poenoe
333 2802 435 2853 contra
448 2791 822 2853 turbontesimmunitatem
832 2791 963 2853 alliciunt
975 2790 1064 2851 etiam
1075 2791 1194 2888 eosqui

186 2878 374 2955 impediunt
395 2896 433 2937 ne
449 2878 546 2952 judex
562 2878 771 2938 ecclesiasticus
791 2884 944 2953 cognoseat
965 2877 997 2935 iu
1018 2877 1129 2950 causis,
1159 2876 1195 2937 iu

185 2960 425 3106 qluibu‘sohulrpg
424 2962 626 3023 auctoritatem
647 2959 766 3022 tauttlm
790 2960 1011 3021 cumulatisam.
1034 2962 1116 3020 lust·
1133 2960 1193 3019 Ee·

186 3063 244 3106 ees
331 3065 351 3106 u

223 3140 254 3200 Si
267 3142 333 3218 quis
350 3157 419 3201 reus
441 3118 541 3201 dolose
563 3136 734 3198 extrahatur
747 3137 784 3198 ab
797 3092 938 3209 Ecclesid,
956 3145 987 3195 et
1010 3143 1091 3195 extra
1106 3134 1195 3195 illam

185 3226 385 3304 capiaturuon
405 3243 458 3304 per
469 3243 530 3285 vim
541 3231 672 3302 ‚autper
685 3224 798 3283 salvum
809 3223 1005 3293 conductum
1019 3222 1073 3280 ista
1087 3221 1194 3281 dolosa

183 3311 326 3371 extractio
335 3329 386 3372 reo
400 3329 460 3371 neu
471 3308 706 3386 suffragatur‚ut
717 3324 754 3368 ex
766 3308 852 3369 Dect.
862 3308 932 3368 S.C.
940 3306 1035 3367 diora
1045 3305 1192 3365 Decemb.

185 3394 271 3455 lilii.
284 3394 379 3459 luatit.
393 3397 499 3459 Eccles.
516 3395 566 3454 ll.
577 3411 608 3484 u.
623 3393 653 3452 t.
