2642 4167
147 174 149 178 ’
172 172 191 229 4
450 175 562 239 Procris
574 174 757 256 soatseaaorc't'.
774 177 846 257 Cep.
860 177 889 235 l.
915 237 917 242 ,

174 274 206 333 ia
220 273 346 354 benign&
355 277 654 357 excipiendoomues,
667 278 729 338 sive
738 294 879 355 pauperes
890 309 899 348 ·,
912 277 973 338 sire
993 279 1081 340 rudes
1092 280 1179 353 ,cive

173 367 337 434 peccatores
359 361 428 426 sint.
451 361 593 424 Nonnulli
613 370 729 438 tompus
756 359 942 421 solummodd
966 361 1122 423 insumunt
1143 364 1175 422 in

173 440 325 502 audiendis
340 442 568 507 confessionibus
590 446 758 522 aliquorum
780 444 977 515 devotorum,
1004 453 1056 506 aut
1074 463 1176 523 perso·

174 544 280 586 narum
297 530 520 607 spectabilium,
538 530 622 607 qula,
637 537 672 589 ut
688 528 767 589 hasa
783 548 813 588 se
828 530 970 606 repellant
979 575 989 606 ‚
1007 547 1068 591 nou
1080 533 1176 590 osteis

173 619 270 671 tantus
288 612 424 690 animus3
446 615 471 673 si
491 622 589 675 tamen
610 613 646 674 ad
668 632 700 673 sc
724 613 830 690 aliquis
850 613 1024 675 miserabilis
1043 625 1176 691 peccator·

155 694 303 765 accedat,
323 696 401 777 agre
421 699 560 770 auditur,
578 705 608 758 ct
624 697 763 757 conviciis
782 707 920 757 oncralus
938 707 1071 774 arcetur3
1094 698 1174 759 undo
1237 759 1244 770 ,

171 776 274 848 sat,ut
294 780 343 841 ille
361 783 472 854 miser,
492 783 542 860 qui
563 787 719 868 postquam
741 780 797 841 sibi
815 781 972 841 maximam
992 784 1052 840 vim
1070 783 1175 843 intule-

171 860 226 932 rit,
254 881 314 941 quo
335 865 372 925 ad
393 883 445 926 sua
467 875 582 944 peccata
601 848 767 926 confitenda
787 866 918 941 reniret,
940 883 971 924 se
992 874 1052 925 tarn
1072 867 1174 946 asperti

171 955 323 1025 acceptum
339 952 488 1020 sentiens,
502 950 602 1010 odlum
617 950 648 1009 in
662 951 844 1010 Paenitentia
862 951 1082 1010 Sacramentum
1101 968 1173 1012 con-

170 1028 275 1107 cipiet,
290 1041 320 1091 et
335 1032 491 1116 desperans
507 1050 539 1094 so
556 1051 639 1112 posse
659 1033 793 1095 invenire
812 1033 863 1111 qui
876 1033 931 1093 sibi
950 1034 1111 1110 opituletur
1123 1080 1131 1106 ,
1143 1046 1174 1097 ct

170 1130 202 1172 sc
217 1112 375 1176 absoluat
390 1118 531 1202 peccatis,
546 1117 578 1177 ln
599 1116 721 1195 perditoe
740 1118 809 1176 vitre
827 1117 973 1177 lubricum
994 1117 1066 1177 lanis
1083 1116 1173 1179 babe-

169 1197 216 1255 nis
235 1216 362 1277 praeceps
383 1211 470 1275 ruat,
484 1212 513 1263 ct
528 1203 560 1263 in
577 1202 679 1262 salutis
699 1202 931 1278 desperationem
950 1201 1070 1261 incidat.
1085 1202 1174 1263 Sectis

169 1280 239 1339 boni
257 1284 423 1345 confessarii
451 1294 563 1365 agunt,
585 1284 653 1346 culm
681 1284 718 1345 ad
746 1303 778 1345 sc
803 1283 973 1362 hujusmodi
1005 1294 1171 1361 peccatores

168 1362 342 1438 confluunt,
368 1367 495 1448 benigne
517 1368 570 1430 hos
594 1369 764 1448 excipiunt,
793 1376 823 1428 ct
847 1367 948 1447 (quasi
970 1366 1062 1429 victor
1082 1373 1172 1448 copto

167 1448 282 1527 proedo)
293 1454 441 1525 exultant,
454 1454 667 1533 perpendentes
676 1454 732 1514 sibi
742 1462 851 1514 sortem
861 1451 1032 1530 contigisse,
1041 1454 1172 1515 animam

169 1532 206 1592 de
225 1536 361 1596 manibus
383 1538 525 1599 doemonis
537 1540 662 1618 cripere.
678 1539 780 1597 Sciunt
797 1537 854 1598 hoc
867 1538 1089 1597 Sacramentum
1101 1556 1172 1616 pro·

168 1614 233 1693 prid
250 1636 311 1683 nou
323 1639 378 1700 pro
385 1621 473 1699 justis
486 1624 575 1683 fuisso
590 1622 802 1692 constitutum,
817 1620 868 1680 sed
884 1637 939 1698 pro
950 1622 1171 1697 peccatoribus3
1225 1669 1228 1673 a

168 1700 257 1761 etiam
276 1705 357 1765 onim
387 1707 515 1766 veniales
534 1707 647 1786 culpae,
668 1714 702 1765 ut
722 1705 929 1771 remittantur,
956 1722 1016 1763 non
1037 1704 1171 1783 indigent

167 1789 369 1849 sacramentali
384 1788 665 1867 absolutionc3ci1m
684 1789 784 1850 multis
802 1790 866 1849 aliis
886 1787 981 1848 modis
996 1788 1087 1848 deleri
1101 1806 1170 1865 pos-

167 1868 237 1930 sint.
251 1870 354 1932 Sciunt
369 1892 487 1952 quoquc
503 1872 652 1935 Christum
671 1880 864 1947 protestatum
882 1873 970 1932 luisse
989 1869 1035 1929 bis
1048 1872 1167 1933 verbis:

167 1952 238 2016 Non
256 1956 325 2016 cesai
342 1975 444 2019 oocorc
454 1958 568 2039 jarsloa,
582 1956 633 2019 aed
647 1958 925 2040 pectorapectora.
940 1958 1033 2018 217.
1048 1957 1170 2035 Propte-

52 2113 61 2124 .
165 2054 215 2096 roa
228 2041 417 2101 confessarius
428 2041 575 2103 charitatis
588 2043 698 2102 viscora
714 2041 859 2111 induens,
876 2039 936 2117 qud
955 2039 1045 2117 magis
1056 2042 1170 2101 animus

165 2131 351 2198 pcccatorum
371 2126 562 2188 multitudino
581 2135 611 2185 ct
633 2126 785 2186 atrocitate
804 2124 1168 2202 coinquinatnsrcpcriat‚

166 2202 201 2264 cb
213 2206 324 2284 magis,
336 2216 369 2267 ut
384 2210 446 2269 Deo
465 2210 541 2288 ipsas
557 2210 737 2279 lucrifaciat,
755 2207 867 2287 majore
882 2207 1093 2267 charitate-eas
1104 2226 1171 2267 nm·

166 2288 328 2365 plectatur,
342 2292 441 2369 cisque
461 2295 592 2354 animum
614 2293 744 2372 praebeat
763 2291 808 2353 his
825 2301 876 2352 aut
892 2291 1039 2352 similibus
1056 2291 1167 2351 verbis,

164 2371 225 2452 Ejo
235 2370 351 2451 frater!
363 2374 435 2440 bono
454 2376 557 2439 aalma
571 2386 645 2450 esto,
660 2374 726 2438 ooli
735 2375 857 2453 cimam
869 2375 988 2457 peccato
1002 2382 1054 2433 tuo
1069 2374 1172 2453 impo-

163 2454 229 2516 etde
249 2456 393 2537 confitere.
417 2456 509 2541 Aperi
526 2462 627 2522 omacio
645 2460 841 2540 confidenter,
868 2456 981 2518 arellius
1003 2466 1028 2517 te
1041 2455 1166 2537 pudeat.

152 2537 251 2599 rodolt
265 2540 371 2621 refert,
394 2545 423 2605 at
439 2544 473 2605 ia
487 2563 585 2606 omnes
606 2552 665 2605 tuoe
681 2543 862 2606 conscientiae
880 2544 964 2603 aitrus
983 2559 1044 2602 noo
1070 2543 1167 2601 alatro-

162 2625 293 2703 spoaceaa’a
304 2648 316 2683 .-
328 2623 438 2706 aufficit
454 2629 483 2689 oi
494 2627 534 2689 od
554 2628 735 2708 interropoto
751 2625 935 2707 respondeas.
951 2628 1009 2706 Ape
1022 2626 1083 2683 Deo
1092 2643 1167 2703 pro-

162 2708 222 2769 tica
244 2709 298 2788 paci
318 2718 345 2771 te
366 2711 513 2794 terrenaque
533 2712 576 2774 od
592 2709 797 2793 paonitentiam
812 2711 983 2791 expectauit.
1003 2710 1090 2769 Nunc
1112 2707 1169 2769 tibi

160 2792 306 2854 arctando
317 2803 360 2855 eat
377 2795 450 2863 vito.
467 2799 597 2865 Latara,
613 2796 688 2875 qrrio
705 2796 880 2868 Derraocrtd
899 2795 1000 2855 osonio
1021 2798 1162 2870 peccota,

160 2877 352 2956 qaoartt'tmnia
363 2878 512 2959 caporatie,
530 2880 584 2946 titt
598 2878 740 2948 remittit,
756 2877 905 2952 sibonum
926 2876 1013 2938 trabes
1026 2871 1165 2933 volutata-

159 2968 235 3037 tem,·
256 2961 375 3043 idedque
397 2965 620 3043 etexpectavit,
645 2969 681 3022 ut
706 2960 761 3022 tibi
778 2969 921 3042 parceret.
946 2958 1046 3040 lpitar
1070 2952 1199 3020 lallare*

157 3045 259 3109 aniano
270 3046 316 3107 dio
327 3046 441 3116 ornatio,
458 3043 537 3106 nillil
550 3042 710 3128 involucris
727 3052 816 3125 tepor.
830 3063 850 3112 .’
958 3058 960 3062 ’

195 3132 226 3190 l.
246 3130 422 3194 charitatem
443 3129 550 3189 deindo
568 3128 655 3208 longe
675 3128 816 3205 majorem
838 3127 992 3189 ostendere
1020 3127 1107 3188 debet
1128 3127 1163 3188 iu

156 3215 366 3282 consessionem
377 3214 559 3292 excipiendo.
573 3216 680 3278 Caveat
691 3232 729 3275 ne
738 3232 769 3272 se
778 3215 982 3291 impatientem
994 3256 1001 3284 ,
1013 3221 1064 3286 ant
1074 3210 1163 3272 taedr'o

157 3297 294 3375 adamum
312 3298 462 3370 exhibeat,
476 3315 530 3359 acc
550 3298 685 3359 ostendat
701 3296 895 3362 admiratione
913 3297 1031 3375 percelli
1047 3295 1163 3374 depec-

157 3381 228 3440 catis
241 3400 306 3461 quac
317 3392 493 3457 narrantur3
507 3381 595 3443 modd
606 3382 753 3461 poenitcns
766 3374 876 3442 nonsit
892 3380 1043 3445 ita'anirno
1056 3380 1161 3450 durus,

157 3473 208 3524 aut
228 3466 379 3543 pctulans,
397 3465 710 3544 utpluractatrooiora
726 3473 839 3543 peecata
850 3465 915 3527 sinc
926 3463 986 3525 ullo
998 3464 1118 3536 rubore,
1131 3472 1163 3524 ct

155 3545 471 3631 siueulladiaplioentia
482 3549 634 3627 animique
645 3567 732 3609 sensu
743 3548 999 3627 cxponcrct,quia
1009 3554 1157 3629 tuncopus
