2642 4167
432 274 481 336 lle
495 274 630 355 operibus
643 271 796 334 Benedicti
810 276 900 337 XIV.
1112 279 1166 338 931

162 382 279 452 ¹potest,
294 372 362 436 edm
384 375 515 435 dandum
530 385 573 436 cst
591 395 626 437 ex
652 375 850 452 resignatione
869 375 977 453 prioris
995 374 1170 437 beneficiati.

164 457 208 517 lta
220 459 257 518 de
269 460 382 538 Synod.
397 460 484 520 dioec.
500 458 573 521 ibid.
586 478 617 518 n.
634 460 663 518 6.
683 477 718 517 ex
733 459 812 518 decr.
827 460 858 518 S.
870 462 978 534 Congr.

203 544 437 604 Consuetudines
447 543 639 615 Ecclesiarum
650 543 817 603 reservandi
832 541 997 601 haerediltus
1008 543 1172 606 beneficiati

159 626 223 703 jam
239 626 371 687 defuncti
395 627 508 686 fruetus
541 627 631 703 primi
662 627 732 685 anni
757 626 869 685 obtenti
895 625 1029 685 beneficii
1056 620 1171 703 ualeat}

162 709 238 772 nihil
251 713 331 772 enim
343 712 465 788 derogat
480 709 542 787 juri
554 711 649 783 illius,
667 712 719 788 qui
736 712 767 770 in
782 710 957 771 beneficium
975 728 1076 770 reeens
1089 713 1169 772 inre-

162 805 300 867 ctusest,
317 794 384 854 edm
399 802 430 855 el
447 797 509 873 ipse
522 804 588 874 post
605 805 732 854 mortem
747 794 816 871 jure
841 796 896 854 isto
922 797 1062 873 potiatur.
1074 797 1171 869 Quare

161 880 195 940 in
209 881 338 940 savorem
353 879 442 957 hujus
462 879 681 940 consuetudinis
695 878 801 956 saepius
814 879 830 938 'a
844 881 924 939 saera
939 882 1170 960 congregatione

145 963 293 1025 ‘decisum
303 974 356 1024 est.
370 966 413 1023 De
428 965 500 1042 Syn.
516 964 633 1023 dioeees.
645 964 699 1023 lib.
713 965 761 1022 tn.
775 983 801 1023 c.
816 964 846 1023 7.
860 983 891 1023 ιι.
906 965 935 1024 5.

200 1047 413 1108 Beneficiorum
423 1045 636 1125 parochialium
649 1091 658 1119 ‚
673 1056 704 1107 et
715 1049 891 1107 vicariorum
912 1057 973 1107 tam
987 1049 1169 1108 saecularium

162 1129 252 1209 quiam
273 1132 455 1211 regularium
474 1149 590 1209 capaces
612 1148 674 1190 esse
694 1134 847 1191 canonicos
859 1133 1006 1209 regulares
1022 1134 1170 1192 Prasmon-

158 1222 317 1275 stratcnses
329 1260 337 1285 ,
350 1217 439 1274 etiam
459 1233 519 1274 non
542 1215 741 1275 intercedente
756 1215 921 1293 Apostolicd
936 1216 1168 1293 dispensatione,

161 1298 267 1358 definit
286 1299 419 1360 Pontilex
445 1299 476 1357 in
498 1298 582 1356 Bulla
598 1301 726 1359 oneroso
739 1344 747 1369 ‚
762 1307 818 1358 eto.

200 1383 319 1443 Defiliis
333 1383 494 1460 illegitimis
512 1383 687 1449 clericorum
713 1385 788 1441 eirea
809 1383 948 1444 beneficia
965 1391 1120 1461 parentum
1137 1385 1167 1442 in

161 1466 265 1527 eidem
279 1468 425 1541 Ecclesia,
449 1468 501 1545 qui
522 1469 655 1545 possint,
671 1476 701 1529 et
723 1486 783 1529 uon
804 1470 935 1546 possint,
951 1479 1007 1527 ete.
1028 1468 1103 1527 Vide
1125 1467 1168 1527 lr-'

159 1553 344 1629 regularitas.
606 1606 608 1608 ,

200 1637 290 1696 Filius
312 1637 461 1714 legitimus
482 1638 619 1713 consequi
644 1636 820 1715 prohibetur
844 1635 1019 1694 beneficium
1047 1634 1169 1712 apatre

158 1720 384 1799 praehabitum,
409 1729 484 1780 esset
508 1723 590 1780 enim
612 1721 722 1798 species
750 1720 944 1779 lcaeredituriae
970 1720 1167 1779 successionis.

156 1805 241 1867 Nihil
254 1815 352 1865 tamen
365 1813 444 1865 vetat
458 1801 616 1882 quominus
637 1814 719 1882 poter
737 1804 828 1880 possit
842 1803 975 1862 obtinere
993 1802 1168 1863 heneficium

158 1890 178 1950 1
194 1890 258 1950 lilio
274 1889 480 1969 praehabitum.
493 1888 576 1961 Qttod
591 1907 697 1947 verum
714 1898 758 1948 est
769 1890 858 1948 etiam
872 1889 909 1948 de
931 1898 1015 1965 patre
1034 1897 1167 1967 respectu

155 1975 294 2037 beneficii
313 1973 329 2034 t
346 1975 408 2034 filio
428 1973 581 2050 illegitimo
602 1974 736 2044 obtenti,
757 1983 791 2033 ul
817 1992 852 2032 ex
875 1975 1062 2051 responsione
1086 1974 1165 2033 Sacr.

156 2062 269 2137 Congr.
284 2061 327 2117 De
344 2057 462 2136 Synodo
477 2056 635 2116 dioecesana
656 2058 710 2117 lib.
729 2060 773 2116 15.
792 2076 854 2135 cap.
874 2060 922 2116 nt.
950 2077 980 2117 n.
1001 2059 1049 2118 15.

199 2144 348 2221 lllegitimi
368 2145 466 2200 autem
490 2141 544 2200 filii
565 2141 661 2218 quoad
681 2140 737 2202 hoc
756 2144 797 2202 1111
813 2145 902 2203 ctiam
926 2153 1100 2212 censentur,
1115 2144 1165 2222 qui

154 2227 347 2311 postmodum
369 2226 521 2304 legitimati
545 2236 634 2294 sunt,
656 2245 716 2285 non
734 2227 804 2287 veri)
828 2228 891 2297 illi,
911 2228 961 2304 qui
983 2238 1048 2304 post
1066 2229 1167 2287 subse·

155 2331 255 2391 quens
270 2312 493 2374 matrimonium
511 2305 665 2387 legitimati
686 2311 852 2385 hahentur,
875 2321 910 2371 ut
935 2315 1043 2389 partim
1059 2331 1096 2370 cx
1115 2312 1167 2370 de·

156 2398 248 2458 cretis
264 2416 337 2457 sacr.
349 2396 586 2472 congregationis
601 2438 609 2465 ,
626 2396 734 2471 partim
754 2417 789 2454 ex
801 2400 956 2476 Fupneno.
970 2396 1045 2454 lbid.
1067 2414 1098 2454 n.
1116 2398 1164 2455 lli.

197 2485 278 2542 Num
304 2481 374 2540 veri)
402 2481 463 2540 filio
484 2478 617 2537 obtinere
638 2478 815 2538 beneficium
835 2482 878 2538 las
902 2481 967 2551 sit,
986 2478 1064 2554 quod
1083 2487 1167 2555 pater
1224 2540 1228 2549 ,

155 2566 281 2644 quidem
304 2563 409 2623 habuit
424 2606 432 2634 ,
450 2561 501 2621 sed
523 2561 559 2619 ab
580 2579 615 2620 eo
637 2563 772 2623 transivit
786 2562 817 2619 in
832 2562 978 2631 tertium,
1002 2571 1032 2619 et
1054 2562 1090 2620 ab
1109 2563 1165 2623 islo

154 2652 192 2714 in
209 2647 346 2709 eumdem
369 2648 491 2706 filium?
514 2644 733 2722 respondetur,
755 2645 817 2704 filio
840 2644 971 2720 legitimo
993 2644 1022 2702 id
1045 2645 1166 2722 quidem

154 2751 220 2801 non
243 2731 414 2810 prohibdri,
433 2746 468 2789 ex
481 2748 543 2806 cap.
565 2725 611 2787 At
628 2726 822 2806 extirpandos
840 2727 877 2786 de
891 2727 934 2787 fit.
959 2727 1082 2803 Presb.;
1102 2730 1166 2788 ille·

153 2816 271 2894 gitimis
282 2814 352 2875 venir
374 2814 535 2879 nonlicet,
549 2821 583 2870 ut
596 2829 632 2871 ex
649 2812 732 2872 Bulla
746 2808 900 2873 Clementis
913 2811 984 2871 VII.
1002 2820 1032 2871 et
1044 2830 1166 2889 respon·

155 2899 201 2961 sis
214 2899 245 2958 S.
260 2899 368 2974 Congr.
383 2897 458 2957 lbid.
473 2915 505 2955 n.
521 2895 569 2955 18.
1012 2936 1014 2939 .

197 2983 295 3058 Nepos
317 2980 388 3041 reric
408 2980 556 3057 legitimus
581 2995 619 3038 ex
635 2987 718 3058 patre
737 2979 891 3059 illegitimo
921 2989 1007 3050 natus
1037 2979 1165 3042 obtineri

155 3065 207 3125 asi
223 3065 399 3124 beneficium
418 3083 478 3123 non
500 3071 640 3135 vetatur,
671 3065 735 3142 ipso
752 3066 821 3125 lieet
843 3084 898 3124 avo
920 3066 1055 3136 vivente,
1079 3076 1111 3126 ut
1130 3084 1168 3127 ex

155 3149 308 3226 responsis
318 3149 348 3207 S.
359 3147 617 3224 Congregationis,
644 3156 673 3207 et
689 3149 783 3208 Rotali
800 3149 956 3208 decisione.
975 3149 1050 3209 lbid.
1066 3168 1097 3207 n.
1116 3152 1165 3213 lu.

198 3234 229 3293 st
245 3243 387 3311 patronus
406 3231 540 3291 beneficii
561 3241 707 3292 rectorem
723 3234 902 3304 interficiat,
925 3236 1005 3311 ipse,
1020 3243 1049 3293 ct
1065 3252 1166 3296 omnes

155 3315 196 3375 ad
220 3312 408 3392 patronatum
426 3314 475 3392 jus
494 3313 658 3392 habentes,
681 3316 755 3375 illud
788 3317 951 3389 auritium,
976 3335 1012 3377 ex
1032 3337 1096 3397 cap.
1126 3324 1166 3381 Iu

156 3397 355 3477 quibusdum,
376 3402 415 3459 de
431 3400 537 3476 poenis.
555 3398 631 3458 lbid.
650 3419 682 3458 n.
704 3402 753 3458 al.

198 3483 336 3543 Beneficii
354 3483 556 3560 permutatio,
574 3501 639 3558 quae
658 3483 693 3541 fit
706 3501 801 3542 coram
816 3485 978 3546 Ordinariis
993 3530 1001 3558 ,
1017 3487 1166 3551 interdum

155 3572 256 3641 potest
272 3584 335 3625 csse
347 3564 495 3644 prohibita
513 3566 722 3626 constitutione
743 3567 775 3626 S.
800 3567 851 3626 Pii
865 3570 900 3628 V.
920 3570 1078 3648 incipiente
1094 3570 1166 3654 Offi-

153 3647 237 3710 cium
253 3694 261 3724 ,
279 3651 309 3711 in
331 3649 388 3728 qun
405 3649 601 3712 admittuntur
623 3650 744 3730 quidem
765 3655 995 3732 permutationes
1016 3657 1097 3732 istae,
1115 3656 1164 3716 scd

898 3762 903 3767 ·
947 3739 1010 3798 dd..
