2642 4167
438 198 490 259 Ea
502 195 637 278 operibus
649 194 799 257 Benedicti
807 154 857 257 XI
862 198 896 257 V.
958 248 961 252 .
1112 196 1171 261 tte

168 303 251 380 glum
267 297 349 361 Sedis
370 300 555 377 apostolicae,
571 297 706 358 soemiuas
718 296 783 356 illas
797 314 860 357 esse
877 296 1011 358 moribus
1021 297 1170 377 probatas,
1244 307 1247 315 '

166 387 277 451 babere
288 385 354 446 illas
369 384 447 443 ultra
465 400 577 443 annum
595 381 744 442 decimum
758 390 919 458 quartum,
937 390 1052 442 tantum
1078 384 1171 460 possi-

168 468 290 531 decede
307 468 413 528 annuis
429 466 593 542 reditibus,
610 473 648 525 ut
664 463 792 524 habeant
804 468 873 524 satis
895 463 933 525 ad
952 466 1090 526 alimenta
1107 511 1116 539 ‚
1135 486 1171 530 ae

168 553 297 631 denique
309 569 369 613 non
389 570 457 613 cum
473 551 538 611 aliis
551 568 599 611 eas
611 547 780 610 cohabitare
793 593 801 620 ‚
816 548 904 628 quim
921 568 989 611 eum
1003 551 1171 611 necessariis

168 639 202 699 in
216 640 314 716 primo
333 635 447 697 tautum
463 634 555 714 gradu
576 634 858 713 consanguinitatis,
881 634 927 694 vel
944 634 1092 695 affinitatis
1112 635 1169 696 sibi

168 721 354 800 conjunctis,
374 729 409 780 ut
422 738 459 780 ex
479 719 559 779 dcer.
577 719 607 779 S.
621 720 729 796 Congu.
744 718 776 777 in
790 718 875 778 causd
890 719 1057 781 Nazaciensi
1069 719 1118 780 die
1130 721 1170 781 10

71 819 84 827 ‘
172 806 242 882 maji
264 804 350 864 1727.
365 806 409 863 De
430 805 502 883 Syn.
518 802 820 863 cincinnate.
840 821 872 862 ιι.
888 803 936 862 11.

208 890 360 949 Tertiariae
375 887 569 965 collegioliter
585 886 737 955 viventes,
757 886 833 945 uotis
847 895 944 945 temen
967 885 1146 946 solemnibus
1158 910 1173 958 ‚·

170 979 201 1033 et
214 973 354 1034 clausurn
365 986 425 1032 non
440 972 585 1031 adstricta
596 1012 604 1040 ‚
615 967 683 1031 crim
692 969 751 1029 sint
765 978 865 1030 contra
879 969 989 1030 bullam
1002 971 1031 1029 8.
1042 969 1168 1031 snitu.

169 1055 231 1115 bS.
247 1058 337 1135 Cong.
351 1056 515 1116 tolerantur
526 1051 642 1132 potiris
655 1052 744 1130 quim
756 1053 976 1131 approbentur
988 1059 1058 1113 sunt
1071 1062 1170 1113 autem

166 1137 337 1200 omnimode
359 1140 491 1218 Episcopi
512 1136 711 1214 jurisdictioni
735 1136 894 1211 subjectae,
915 1145 950 1198 ut
978 1136 1170 1215 expluribus

102 1256 105 1262 ·
170 1223 201 1281 S.
215 1225 322 1303 Congu.
337 1223 472 1284 decretis
487 1223 583 1282 lostit.
599 1221 706 1281 Eccles.
723 1221 771 1279 19.
787 1222 879 1281 1115.

56 1328 60 1332 ·
207 1307 359 1367 Tertiariae
378 1325 437 1368 non
453 1305 643 1382 collegialiter
676 1305 812 1364 viventes
835 1322 896 1365 non
915 1311 1038 1402 possunt
1060 1302 1170 1366 habere
1252 1331 1256 1336 ·

169 1392 376 1451 contessorium
394 1407 610 1470 quemcumque
633 1389 782 1449 etiamsui
797 1388 932 1461 ordinis,
946 1389 1001 1449 nisi
1026 1390 1172 1467 approba·
1202 1452 1204 1457 ,

168 1481 234 1534 tum
254 1474 292 1534 ab
310 1476 453 1554 Episcopo
478 1492 532 1553 pro
548 1472 780 1534 confessionibus
795 1465 995 1534 secularium.
1014 1475 1088 1532 ltem
1110 1491 1171 1534 non

169 1569 291 1656 possunt
307 1561 456 1641 regulares
468 1560 526 1620 illis
548 1559 597 1620 die
609 1557 724 1618 Pascbae
744 1567 960 1620 sacramentum
982 1555 1172 1618 Eucharistiae

168 1641 346 1705 ministrare.
365 1644 579 1705 Defunctorum
584 1660 722 1740 corpora
737 1643 899 1721 sepulturae
914 1640 1079 1701 mandanda
1101 1650 1171 1700 sunt

168 1724 200 1782 iu
224 1728 348 1789 Ecclesid
363 1727 540 1805 parochiali·
562 1727 617 1786 nisi
633 1725 735 1786 sorte
727 1744 759 1786 111
780 1725 905 1786 Ecclesid
924 1725 1105 1808 regularium
1123 1724 1169 1783 sui

169 1809 1063 1890 11111111111111111111111111111111111111111]111111111119.
1077 1809 1167 1868 ull.

206 1894 381 1957 Benedictus
392 1897 488 1956 XIII.
504 1895 604 1957 multa
614 1893 755 1954 concessit
767 1893 938 1964 Tertiariis‚
948 1893 1010 1952 sive
1023 1893 1125 1953 vivant
1138 1893 1170 1953 111

169 1981 319 2061 communi
338 1980 532 2051 monasterio,
546 1981 608 2038 sive
621 1979 702 2039 domi
715 1996 775 2038 suae
794 1979 885 2037 vitam
903 1974 989 2057 agant
1003 1978 1169 2055 privatam,

168 2058 235 2140 quae
247 2065 356 2142 utique
365 2062 414 2141 jus
427 2081 539 2124 novum
558 2063 718 2129 concedere
741 2062 935 2138 viderentur;
948 2061 998 2121 sed
1023 2059 1091 2121 111111
1108 2055 1172 2122 cte·

168 2164 250 2207 mens
265 2148 375 2208 XII.
367 2166 398 2208 m
421 2149 474 2208 aud
491 2148 714 2207 constitutione
726 2149 878 2208 Romuleus
895 2146 965 2206 anni
983 2142 1170 2222 t752.1ura

167 2230 382 2292 Tertiariorum
398 2232 579 2293 revocaverit
592 2231 628 2291 ad
643 2231 787 2292 terminos
799 2230 920 2291 concilii
934 2227 1120 2300 Tridentini,
1137 2244 1171 2287 ae

167 2298 354 2375 decretorum
367 2315 614 2393 apostolicorum·
606 2358 616 2394 ,
629 2313 696 2375 ideo
709 2313 784 2374 1111111
800 2332 912 2379 novum
921 2313 958 2373 de
970 2313 1029 2373 illis
1040 2319 1171 2371 statuen-

168 2395 240 2456 dum
256 2405 310 2456 est.
325 2400 370 2457 lb.
385 2417 416 2457 ιι.
434 2401 484 2458 16.

206 2481 358 2540 Tertiariae
375 2480 564 2561 collegialiter
578 2482 712 2541 viventes
729 2498 766 2540 ex
777 2480 942 2558 receptas.
957 2477 1070 2558 Cong.
1060 2495 1170 2538 ammu-

168 2565 269 2624 nitatis
291 2566 449 2664 opinione,
471 2565 600 2645 gaudent
615 2566 805 2624 immunitate
831 2564 899 2623 lori.
914 2565 1050 2624 Vicissim
1070 2571 1170 2624 autem

167 2648 350 2709 Tertiarioe
341 2668 373 2710 m
397 2649 535 2711 domibus
557 2649 680 2727 privatis
703 2647 869 2707 habitantes
892 2644 995 2707 eodem
1015 2647 1170 2725 privilegio

167 2731 759 2812 congaudentexdmtoribusdefinitor
769 2733 864 2792 instit.
873 2730 978 2792 Eccles.
995 2732 1064 2792 105
1074 2740 1107 2791 11.
1118 2732 1168 2791 68.

535 2918 795 2979 TESTAMENTI.

206 3097 426 3157 Testamentum
444 3098 553 3158 Iactum
577 3115 677 3157 coram
695 3095 824 3174 parocho
837 3106 866 3157 et
878 3097 993 3158 duobus
1005 3067 1108 3157 saltem
1125 3105 1170 3156 tc·

166 3179 261 3241 stibus
282 3181 394 3242 idoneis
415 3183 492 3242 valet
504 3200 558 3260 pro
579 3189 642 3242 toto
659 3190 735 3241 statu
754 3183 969 3254 eeclesiastico,
991 3181 1047 3241 nisi
1074 3181 1170 3241 obstet

166 3263 442 3408 ἶιέῑιιὲιιιιέδιιιὲιὲιιοᾱ
454 3265 655 3345 municipale,
674 3283 710 3326 ex
721 3263 911 3391 dispositione
923 3285 990 3344 cap.
1007 3266 1081 3326 Cntu
1097 3281 1171 3327 esses

153 3416 155 3423 '
205 3433 391 3492 Testamenta
402 3432 439 3492 ad
450 3450 549 3493 causas
565 3434 628 3521 pias
638 3443 703 3496 toto
714 3435 786 3496 orbe
798 3434 941 3496 catholieo
956 3434 1052 3495 ualent
1062 3453 1086 3494 si
1079 3432 1170 3494 liant

168 3531 267 3574 coram
281 3514 397 3575 duobus
422 3517 565 3594 testibus,
578 3536 692 3598 excap.
710 3516 847 3601 1111111111
864 3521 913 3581 11.
933 3517 968 3582 de
982 3504 1169 3582 testamentis.

165 3600 238 3660 lust.
255 3599 332 3661 Eecl.
347 3600 415 3661 195.
