2642 4167
208 183 265 242 168
466 178 579 241 Proseis
598 177 789 259 coreseunrii
800 178 874 260 Cap.
890 180 939 239 ii.

244 281 313 340 255.
328 278 455 341 Affectus
473 278 587 350 belocus
603 299 611 337 ε
628 278 775 339 Dominus
795 276 976 338 iiiunn’aatio
986 290 1067 351 nece,
1084 285 1113 340 et
1128 277 1212 342 salus

206 381 289 435 orreo,
303 381 387 443 aecem
400 361 527 424 timebo?
541 364 593 423 Ps.
606 364 653 443 Db.
679 365 706 421 t.

248 449 288 506 In
305 466 411 508 ortanus
431 454 498 506 teras
511 444 677 507 commendo
692 444 831 527 spiritum
849 465 960 524 meum,
983 445 1128 509 redimisti
1142 467 1212 522 me,

206 536 332 599 Domine
348 536 424 592 Deus
442 529 586 599 ueritatis.

249 624 288 681 Te
304 635 392 697 erpo,
406 632 596 695 parassemus,
622 611 682 674 tuis
703 610 828 691 sanantis
844 611 978 690 subveni,
993 633 1066 693 quos
1086 615 1212 695 pretioso
1238 662 1240 666 .

205 703 349 784 sanquine
369 697 525 761 redemisti.

244 799 285 858 In
298 804 323 854 te
342 792 467 852 Domine
482 790 620 870 speravi,
644 808 705 851 non
725 788 892 869 consumier
907 789 941 849 in
955 794 1107 854 aternum

245 877 460 944 abonorum,
481 873 562 933 iutrd
582 872 705 944 uulnera
724 882 775 933 tua
796 872 935 934 absconde
954 891 1009 933 nne.

248 961 380 1027 Vulnere
405 966 459 1017 tua
469 1003 479 1033 ,
498 958 604 1018 rnerita
625 977 701 1017 orrea.
718 960 747 1016 S.
760 956 936 1017 Bernardus.

243 1049 316 1108 lesa
332 1045 390 1118 erni,
413 1060 474 1101 non
499 1041 617 1121 erepabis
633 1040 709 1102 mutui
732 1040 870 1112 reniam,
895 1042 951 1117 qui
969 1041 1062 1103 uitam
1090 1052 1120 1117 et
1139 1063 1213 1107 son·

204 1132 324 1214 potinem
337 1124 413 1186 aridei
433 1142 494 1184 reon
513 1128 637 1205 aepasti.

243 1221 350 1284 Passio
363 1221 456 1288 lesu,
475 1225 507 1276 tu
525 1234 555 1277 es
577 1235 642 1298 spes
659 1237 735 1278 mea.
757 1218 869 1278 Merita
886 1217 977 1286 iesu,
999 1235 1049 1278 vos
1067 1217 1135 1279 estis
1147 1237 1215 1299 spes

206 1324 282 1368 ntea
312 1298 442 1364 Vuirrera
462 1300 553 1374 lesu,
571 1319 621 1361 vos
644 1301 714 1363 estis
736 1319 802 1381 spes
820 1318 896 1361 mea.
917 1303 1001 1361 Mors
1016 1304 1105 1376 tuen,
1127 1310 1160 1361 tu
1181 1320 1214 1362 es

206 1408 270 1471 spes
284 1405 361 1447 cerea.
670 1434 674 1441 .

244 1480 349 1542 Morio
360 1484 455 1537 mater
474 1493 559 1552 mea,
573 1472 659 1537 solua
670 1494 735 1553 nee,
753 1473 889 1536 miserere
899 1476 967 1535 mei.

244 1567 315 1645 Spes
328 1568 443 1635 nostra,
460 1556 550 1619 sabae.
625 1571 628 1575 ⁴

243 1650 355 1709 vSorata
368 1643 494 1718 Maria,
517 1650 612 1703 mater
633 1642 710 1719 Dei,
734 1660 788 1703 ora
801 1663 856 1724 pro
866 1662 911 1704 me
928 1651 1086 1724 peccatore.

245 1730 305 1794 Sub
320 1738 404 1790 terrene
425 1725 598 1808 presidium
615 1725 801 1806 emcsupimus
816 1772 824 1796 ‚
842 1736 946 1788 sancta
960 1727 1018 1788 Dei
1030 1727 1173 1808 penitrix.

246 1827 314 1888 956.
327 1824 365 1881 ll.
383 1820 489 1878 Matius
503 1829 533 1877 et
543 1818 664 1880 affusus
678 1819 871 1880 contritionis.
892 1822 970 1879 Dicit
983 1822 1015 1880 S.
1029 1820 1217 1901 Anqnstiaus

208 1908 287 1988 qubd
301 1908 425 1984 quisque
444 1903 481 1961 sd
495 1913 660 1966 extremum
678 1905 747 1963 vitoe
764 1922 823 1965 non
838 1905 927 1964 debet
940 1906 1077 1964 omittere
1094 1918 1215 1982 peccate

207 2012 258 2052 suo
272 1990 437 2067 deplorare.

246 2085 315 2144 Non
336 2082 427 2139 iratres
448 2080 482 2138 in
496 2077 646 2158 judaium
668 2097 733 2139 cum
747 2098 829 2140 seruo
847 2089 907 2139 tuo.
920 2082 971 2140 Ps.
993 2081 1060 2138 tau.
1088 2081 1119 2139 2.
1137 2080 1218 2143 Iesu

206 2166 271 2238 nd,
292 2174 320 2226 et
336 2163 431 2244 judea
453 2180 551 2238 meus,
575 2159 662 2243 perce
680 2162 776 2236 mibi,
804 2173 963 2246 antequem
982 2162 1083 2223 oenias
1105 2163 1146 2224 ad
1167 2184 1218 2226 nec

200 2248 407 2333 judicandum.
492 2279 495 2284 -
924 2258 929 2273 ⁴
1131 2242 1135 2251 ‘

248 2344 306 2403 Cor
330 2340 487 2400 corutritum
504 2346 533 2397 et
554 2335 745 2410 brarniiiatum
769 2343 849 2401 Deus
873 2358 933 2400 noa
961 2337 1109 2417 despicies.
1129 2339 1220 2403 Deus

205 2443 306 2495 eneces,
323 2423 359 2482 ob
379 2421 406 2479 si
424 2439 578 2500 nureqream
594 2428 620 2479 te
633 2422 839 2500 offendissem!

246 2515 372 2577 Domine
393 2512 453 2584 mi,
471 2531 532 2573 aaa
555 2510 675 2573 debebas
700 2517 741 2575 sie
763 2513 890 2574 tractari
907 2514 927 2573 d
949 2532 1013 2586 eree,
1026 2512 1102 2574 sieut
1119 2513 1219 2599 impie

204 2600 270 2684 feci.

244 2688 355 2759 Pater,
366 2700 425 2741 aon
436 2699 502 2740 suoru
514 2678 621 2761 dianus
630 2677 817 2763 vocarifiiius
829 2688 906 2741 tuus.
922 2681 986 2761 Epo
999 2682 1019 2739 d
1032 2689 1058 2740 te
1074 2680 1218 2759 discessi,

30 2827 34 2836 ,
93 2809 109 2823 .
207 2774 291 2831 trram
311 2763 427 2842 despexi
444 2759 681 2842 potiunculae
695 2772 721 2822 tc
741 2763 829 2824 urreisi
846 2787 857 2822 .·
880 2771 936 2822 toto
958 2763 1041 2823 corde
1054 2782 1099 2823 nec
1114 2767 1228 2843 pennis

206 2861 266 2924 tet,
288 2854 366 2909 Deus
387 2865 484 2920 cruens,
499 2855 620 2926 propter
638 2864 768 2908 amorem
781 2855 810 2907 et
820 2846 995 2928 sanquinem
1011 2849 1084 2907 ιΙααα
1099 2848 1224 2911 Cbristi

201 2954 289 3019 paroc
308 2931 389 2989 mibi.
968 2949 973 2955 ·

247 3022 402 3085 tloicdicta
419 3028 535 3099 peccata
554 3039 640 3092 mea,
660 3039 726 3102 aare
752 3025 814 3083 Deo
833 3040 878 3082 me
898 3021 1060 3102 privastis,
1080 3039 1132 3103 epo
1162 3044 1223 3088 vos

204 3107 344 3178 detestor,
358 3104 510 3166 abominor
520 3150 528 3175 ‚
540 3114 567 3163 et
581 3103 745 3166 scrabedico!

243 3204 324 3262 Deus
340 3194 612 3276 nrcrcs‚quidmali
629 3197 747 3277 fecisti,
769 3197 848 3279 qaod
869 3200 932 3280 ipse
956 3198 999 3260 sie
1023 3195 1137 3277 offendi
1159 3209 1224 3262 te?

204 3287 329 3363 Propter
336 3285 438 3343 desum
449 3278 558 3340 Filium
572 3289 655 3341 trenam
668 3286 802 3341 russeriae
811 3286 878 3341 mei.

243 3373 423 3453 Nunquam,
442 3371 588 3442 Dmnine,
607 3380 632 3432 te
647 3367 795 3452 offerebam
810 3371 1001 3453 quoadusque
1017 3371 1141 3450 uiuam·
1161 3386 1227 3441 aut

204 3469 332 3531 puerunt,
347 3463 401 3515 aut
416 3450 543 3515 nouitium
554 3454 631 3516 mibi
637 3457 782 3535 supersit,
804 3454 869 3519 uolo
887 3465 913 3516 te
933 3475 1046 3517 amare.
1122 3507 1125 3512 .

244 3542 339 3617 offero
370 3543 425 3605 tibi
447 3545 481 3604 in
508 3546 738 3627 satisfactionum
761 3546 1028 3627 eorrtrrmdiarum,
1053 3562 1131 3628 quas
1156 3552 1224 3616 tibi
