2642 4167
175 153 233 212 lid
390 148 525 232 optume
542 149 681 211 doctrinae
696 147 816 212 iuorolr's
830 155 859 209 et
870 145 1014 209 couorot'coe

456 332 629 393 vicimus
649 287 913 393 sarromalus
989 300 992 301 ἢ

215 517 377 579 Ecclesidr
403 482 477 575 'otc
500 520 561 575 tota
588 512 723 592 Episcopi
753 512 916 589 jurisdictio
947 514 1117 576 devolvitur
1140 519 1177 577 ad

177 601 338 680 capitulum
417 597 543 658 liedrolis
562 600 697 661 Ecclesiae
728 606 918 676 pertextam
945 599 978 658 in
1010 618 1073 678 cap.
1099 601 1176 668 His,

177 705 268 769 quea,
291 697 322 746 et
342 703 406 764 cap.
443 683 516 747 Otito
539 679 632 754 otiu,
655 680 692 743 de
723 679 853 760 majorae.
882 690 912 741 ct
941 682 1028 747 obed„
1047 704 1079 745 ae
1104 686 1179 747 illud

177 771 297 849 quidem
310 788 374 829 eam
392 786 445 847 per
461 785 492 826 se
503 784 638 828 exercere
653 774 751 845 posset
763 808 772 835 ‚
783 765 840 824 nisi
859 765 987 830 obstaret
1003 765 1051 842 jus
1069 786 1180 831 norum

178 854 312 915 Trident.
328 871 397 913 sess.
411 854 460 913 nt.
476 869 539 928 cap.
565 852 613 912 tt.
631 849 667 913 cte
690 846 760 930 lies.
783 848 873 928 quod·
890 851 1031 923 mandat,
1050 860 1084 912 ut
1102 852 1180 913 intra

177 943 243 996 octo
263 937 325 997 dies
348 944 413 1013 post
432 936 583 1003 inductam
594 979 605 1009 ,
628 953 680 995 seu
701 978 710 1004 ‚
730 940 764 992 ut
786 933 895 995 decidit
914 935 945 995 S.
962 936 1070 1012 congr.
1088 979 1097 1007 ‚
1117 945 1182 1013 post

176 1018 306 1083 habitam
326 1020 460 1083 notitiam
478 1018 658 1089 vacationis,
679 1017 837 1077 vicarium*
849 1018 1026 1077 constituere
1049 1028 1183 1078 teneatur

178 1121 331 1185 perquem
356 1103 438 1165 illam
459 1111 604 1161 exerceat.
627 1102 657 1161 Si
671 1098 743 1167 verli
758 1101 907 1177 negligat,
927 1102 973 1160 vel
992 1102 1117 1160 Ecclesia
1132 1121 1183 1161 va·

177 1207 246 1249 cans
271 1197 367 1246 careat
387 1186 539 1265 capitulo,
566 1195 638 1245 tunc
660 1185 697 1244 ad
708 1185 968 1261 Metropolitanum
990 1194 1120 1261 spectat;
1135 1186 1183 1244 vol

177 1275 202 1334 si
224 1272 299 1332 nulli
322 1269 450 1346 subjecto
468 1270 558 1329 luerit
572 1312 581 1340 ‚
595 1268 631 1328 ad
649 1268 824 1328 viciniorem
851 1269 1037 1345 Episcopum.
1062 1271 1092 1329 Si
1113 1269 1184 1328 rerd

177 1367 249 1419 tunc
261 1355 502 1430 Metropolitanus
511 1353 658 1415 vacaverit
670 1393 678 1423 ‚
688 1351 738 1427 jus
756 1350 833 1410 istud
850 1353 954 1411 transit
966 1352 1004 1410 ad
1021 1353 1184 1430 capitulum

178 1439 418 1517 Heliopolitana.
441 1440 506 1497 llaec
529 1438 629 1497 cronia
651 1454 688 1497 ex
714 1436 916 1497 Decisiouilius
940 1438 971 1497 S.
999 1437 1107 1514 Congu.
1132 1436 1185 1497 de·

179 1524 327 1587 ducuntur
340 1524 371 1583 in
391 1524 443 1583 lib.
457 1523 486 1581 E.
499 1540 560 1599 cap.
578 1521 609 1581 9.
623 1539 655 1580 n.
676 1523 705 1581 E.
725 1523 769 1578 De
788 1521 862 1597 Syn.
882 1520 998 1579 dioeces.

217 1607 328 1669 Verum
352 1608 471 1684 antiqua
489 1606 671 1666 consuetudo
693 1603 888 1682 quarumdam
911 1604 1107 1665 Ecclesiarum
1122 1648 1131 1677 ,
1147 1604 1191 1665 ut'

178 1693 307 1753 vacantis
329 1693 461 1751 Ecclesiae
483 1688 698 1749 administratio
723 1696 851 1747 uaeseat
872 1688 904 1747 in
926 1688 1055 1765 aliquem
1080 1690 1113 1749 iu
1133 1706 1186 1748 ee·

179 1776 335 1837 closiosticd
363 1774 506 1852 dignitato
541 1775 759 1845 coustitutum,
790 1770 945 1833 retinenda
977 1780 1052 1847 est,
1081 1780 1116 1832 ut
1146 1789 1187 1832 ex

179 1860 262 1921 llotd.
284 1858 361 1920 lbid.

218 1942 453 2020 Dispensationcs
473 1942 510 2002 ab
524 1940 682 2021 apostolica
700 1938 775 2000 Sede
793 1939 830 1998 ad
845 1938 1036 2017 Episcopum,
1053 1957 1105 2003 seu
1122 1938 1190 2016 ejus

93 2032 97 2037 '
167 2027 331 2107 ¹vicarium
358 2029 526 2103 generalem
549 2027 718 2103 delegatas,
747 2033 778 2085 et
810 2033 879 2082 anto
905 2026 1037 2101 Episcopi
1069 2024 1189 2084 obitum

181 2108 316 2169 nondum
349 2110 515 2168 executioni
551 2110 730 2181 inundatos,
757 2107 873 2168 Vioario
902 2108 1053 2183 capitulari
1065 2109 1189 2189 ‘exequi

179 2192 347 2261 nonlicet,
369 2192 439 2269 quia
456 2209 511 2253 nec
526 2201 570 2252 cst
596 2194 777 2271 Episcopus,
800 2208 855 2252 nee
877 2190 1008 2251 vicarius
1035 2191 1188 2268 Episcopi.

179 2276 255 2343 lbid.
274 2294 305 2336 n.
322 2276 352 2335 5.
1074 2271 1076 2275 ’

219 2360 315 2419 Semel
337 2356 407 2419 vcrd
429 2358 567 2419 electusii
589 2358 719 2437 capitulo
740 2359 878 2419 Vicarius
892 2355 1037 2418 remorari
1057 2375 1117 2417 nou
1131 2375 1191 2434 po·

180 2452 265 2517 tart,
289 2445 345 2505 nisi
366 2446 451 2505 causa
474 2445 573 2523 agnita
593 2443 610 2505 l
632 2446 665 2510 S.
690 2447 798 2522 congr.
826 2441 872 2504 uti
896 2442 1026 2507 decisum
1046 2443 1190 2509 refertur.

181 2528 257 2589 lbid.
270 2547 301 2589 ιι.
321 2531 352 2589 l.
1239 2540 1243 2544 ’

221 2612 327 2673 Utrdm
350 2613 483 2674 Vicarius
505 2614 721 2692 capitularisea
735 2612 845 2691 possit,
867 2630 935 2689 quse
957 2627 1018 2674 non
1044 2611 1100 2675 nisi
1120 2630 1195 2691 spc-

181 2695 246 2757 eiali
262 2698 400 2757 mandato
416 2699 546 2759 Viearius
560 2698 692 2776 Episcopi
712 2704 849 2775 praestare
862 2703 983 2775 potest,
1003 2697 1144 2759 Doctores
1159 2699 1195 2760 iu

182 2787 337 2858 utramque
352 2791 465 2858 partem
480 2783 641 2860 disputant.
659 2782 735 2841 ibid.
1099 2840 1101 2843 .

219 2861 294 2922 Cdm
315 2865 635 2945 Vicar·iusapostolicus
654 2866 742 2925 datur
761 2863 895 2925 Ecclesiae
916 2864 1049 2936 vacanti,
1074 2864 1196 2934 nullam

181 2943 271 3006 habet
293 2947 380 3007 aliam
402 2951 605 3010 auctoritatem
626 2959 839 3027 praeteream,
870 2965 960 3025 quam
981 2947 1088 3027 vicarii
1109 2949 1200 3026 capi-

182 3029 291 3089 tulares
305 3031 339 3090 ea
363 3034 511 3093 occasione
528 3032 675 3094 obtinent.
691 3034 734 3091 lle
757 3033 830 3109 Syn.
844 3030 929 3095 dioec.
943 3029 967 3089 l.
989 3031 1019 3090 2.
1038 3047 1065 3089 c.
1081 3030 1130 3091 10.

183 3201 374 3263 VlSlTATlO
388 3202 870 3348 DlOECESANsslfiISEgosszgROR.
887 3197 1204 3271 immutandum

222 3436 379 3511 Episcopus
396 3454 456 3497 nou
473 3436 649 3514 prohibetur
670 3436 791 3514 quidem
810 3437 856 3496 lus
869 3436 1026 3515 quotannis
1043 3435 1208 3500 dioecesim

184 3530 266 3572 suam
286 3518 426 3591 visitare,
442 3520 494 3579 sed
515 3520 634 3599 nonnisi
658 3521 777 3579 tonicam
806 3519 1011 3580 tantummodo
1026 3536 1080 3597 per
1101 3538 1213 3583 annos
