2642 4167
281 185 299 215 '⁴
386 205 436 263 Ee
455 201 590 283 operibus
606 190 858 266 EetterlietinV.
925 192 930 199 ’
1072 213 1129 274 565

122 297 311 386 personatum
328 347 338 375 ,
355 303 416 362 sire
433 304 636 363 canonicatum
657 304 689 364 in
705 305 802 382 aliqud
823 300 987 367 cathedrali
1010 310 1127 370 ecclesia

122 390 285 450 obtineant.
306 387 342 447 lii
356 385 427 448 vcrd
448 387 619 464 designandi
632 396 702 447 sunt
721 388 758 448 ab
780 390 928 467 Episcopis
944 392 974 449 in
991 394 1127 470 synodis;

123 475 188 533 etsi
203 473 295 552 aliqui
313 481 534 531 antenovarum
550 471 730 550 synodorum
741 472 965 545 celebrationem
980 476 1126 547 obierint,

122 557 261 617 substitui
280 556 329 615 alii
347 564 469 634 possunt
491 556 578 637 etiam
594 563 675 616 extra
695 556 840 635 synodum
853 556 890 615 ab
908 558 1047 636 Episcopo
1059 579 1126 620 cum

102 654 261 712 ,consensu
282 641 402 718 capituli
426 657 519 716 usque
541 639 576 698 ed
601 658 708 700 novam
721 639 876 718 vsynodum
903 646 1125 719 perseveraturi.

120 722 346 803 Designa'torum
368 723 461 796 verb,
480 725 585 782 sivein
612 723 732 801 synodis
751 725 812 782 sive
832 733 912 784 extra
927 769 934 794 ,
948 729 1068 786 nomina
1082 745 1129 785 se·

120 809 248 868 cretario
280 808 445 884 supplicum
476 807 643 866 libellorum
664 807 814 866 Pontificis
836 808 1015 870 deierantur.
1043 811 1126 870 Desi-

99 898 250 967 ,gnentur
270 891 340 951 verb
368 892 468 950 saltem
499 901 625 966 qttatnor
650 892 681 949 in
706 891 890 968 quite-umque
915 892 1056 964 dioeeesi,
1079 888 1126 954 vel

98 966 224 1052 Jplnres
247 977 271 1065 si
289 976 451 1054 amplitudo
470 973 600 1052 ejusdem
626 976 763 1052 postulet.
787 978 886 1036 Coust.
908 977 1050 1051 Qctarttvis
1069 996 1126 1058 pa·

121 1065 246 1120 termes.
735 1092 739 1099 1
1067 1104 1069 1111 ι

470 1274 474 1283 .
503 1188 747 1296 iumentario.
823 1260 824 1263 κ

157 1408 287 1473 lnierier
306 1409 443 1489 prelatus
462 1409 498 1470 ad
520 1410 599 1487 hoc,
625 1420 660 1471 ut
678 1413 862 1475 territorium
888 1423 1054 1492 separatum
1070 1458 1079 1486 ,
1096 1423 1126 1474 et

115 1496 355 1575 jurisdictionem
377 1495 578 1565 ordinariam,
603 1505 632 1554 et
653 1497 736 1572 quasi
760 1500 951 1576 episcopalem
968 1501 998 1556 in
1014 1500 1124 1556 clerum

116 1591 148 1641 et
172 1578 318 1658 populum
338 1578 486 1649 obtineat,
504 1596 573 1637 eum
593 1579 684 1655 ipsius
706 1581 839 1655 Episcopi
856 1581 1046 1647 exclusione,
1065 1598 1124 1638 non

114 1663 240 1740 juvatur
261 1680 314 1741 per
331 1660 590 1739 quadragenariam
612 1662 863 1738 praescriptionem
884 1680 950 1720 cum
974 1661 1061 1720 titulo
1078 1680 1126 1721 eo·

116 1749 242 1817 locato,
277 1744 328 1805 sed
355 1746 520 1822 requiritur
540 1744 653 1803 clarum
682 1754 713 1803 et
740 1744 898 1815 subsistens
927 1746 1125 1822 Apostolicum

115 1832 330 1910 privilegium,
356 1838 407 1888 aut
435 1829 614 1888 consuetudo
637 1829 880 1888 immemorabilis
906 1828 962 1888 rite
982 1830 1124 1907 probata,

114 1933 279 1995 perquam
298 1913 484 1991 privilegium
505 1912 577 1971 illud
597 1913 634 1971 de
660 1910 729 1995 jure
756 1913 851 1972 valeat
876 1915 1035 1989 praesumi,
1061 1933 1125 1993 quae

113 2002 176 2060 fuit
201 2000 272 2059 olim
298 1999 406 2058 decisio
430 1998 459 2054 S.
480 1998 621 2074 Congrcg.
648 1998 737 2056 Cone.
764 1995 850 2056 dier
872 1997 999 2073 januarii
1024 1999 1124 2072 1721,

115 2085 193 2144 dein
217 2080 408 2160 approbaturi
432 2077 574 2140 Clemente
596 2081 657 2141 XI.
683 2081 731 2139 die
750 2083 787 2145 11
798 2081 946 2158 januarii,
966 2091 995 2142 et
1018 2083 1130 2143 confir-¹

114 2176 201 2228 mata
226 2166 242 2226 d
270 2165 417 2228 Benedici.
442 2165 530 2224 XIV.
553 2166 586 2223 in
613 2180 667 2224 suo
690 2166 770 2225 Eullr
794 2168 877 2225 Tunc
893 2176 991 2226 autem
1012 2167 1126 2245 dicetur

114 2252 301 2312 consuetudo
319 2249 376 2312 rite
394 2249 533 2320 inducta,
556 2249 628 2309 darm
654 2251 686 2308 in
706 2250 806 2326 aliquo
823 2251 890 2325 ,loco
912 2253 949 2309 ub·
972 2253 1127 2312 immemo-

112 2336 208 2396 rabili
227 2344 358 2412 tempore
381 2333 660 2412 iuferior'preelatus
679 2352 796 2393 omnem
816 2333 1128 2410 omnindjurisdictio·

112 2422 234 2482 nalium
247 2426 362 2478 actuum
376 2419 502 2496 speciem
524 2419 565 2476 ita
589 2418 667 2476 solus
689 2416 878 2488 exhibuerit,
900 2428 934 2476 ut
950 2419 1124 2496 Episcopus,

111 2503 253 2579 incujus
265 2503 381 2564 dioeeesi
400 2505 480 2563 locus
499 2503 572 2560 situs
589 2508 653 2571 est,
675 2509 737 2559 toto
758 2518 793 2558 eo
816 2508 948 2576 tempore
966 2502 1077 2560 nullam
1094 2503 1126 2564 in

112 2586 164 2648 liis
181 2599 297 2667 partem
321 2585 478 2656 habuerit,
500 2602 554 2644 nec
574 2584 606 2643 in
625 2585 710 2642 iisse
735 2601 877 2660 umquam
900 2584 1060 2644 miscuerit.
1084 2588 1128 2647 lie

111 2671 294 2751 Syn.·dioec.
308 2671 363 2731 lib.
389 2672 438 2730 15.
458 2687 522 2745 cap.
536 2669 565 2727 8.
583 2685 615 2726 n.
627 2669 675 2728 18.
686 2676 716 2726 et
731 2669 780 2727 rt.

152 2755 295 2833 Episcopi
309 2796 318 2827 ,
332 2752 399 2814 licet
419 2752 546 2812 babeant
556 2752 682 2829 capitula
692 2759 964 2829 quantumcumque
974 2759 1125 2829 exempta,

109 2847 245 2918 possunt
260 2856 314 2917 per
330 2838 438 2915 seipsos
451 2867 454 2871 ·
467 2836 531 2895 sine
555 2835 701 2912 adjunctis
725 2835 762 2894 dc
783 2834 910 2912 capitulo
935 2835 1053 2894 visitare
1076 2838 1127 2894 Ec-

110 2922 238 2983 clesiam
253 2965 261 2991 ,
277 2923 431 2980 canonicos
448 2929 479 2979 et
500 2920 704 2989 beneficiatos,
718 2930 751 2979 ut
767 2919 897 2979 decisum
913 2917 929 2978 i
948 2921 979 2978 S.
1000 2920 1128 2996 Congre-

110 3007 240 3084 gatione
256 3005 378 3064 Concilii
402 3005 432 3063 in
451 3005 575 3081 quddam
596 3006 679 3064 causi
700 3007 891 3076 zamorensi,
913 3003 1045 3081 quamvis
1069 3022 1129 3064 non

108 3090 235 3168 possint
249 3091 433 3150 committere
444 3086 500 3147 hoe
517 3106 626 3150 munus
638 3089 735 3150 alteri.
752 3092 795 3148 De
809 3089 921 3167 Synad.
936 3091 1027 3151 Dioec.
1044 3090 1065 3150 l.
1079 3090 1125 3150 15.
1189 3082 1197 3091 “

109 3195 139 3235 c.
169 3175 201 3232 9.
219 3191 250 3232 n.
270 3175 299 3232 6.
1056 3180 1057 3183 ’

153 3257 191 3315 si
211 3262 314 3316 tamen
338 3262 420 3316 extra
434 3257 636 3318 visitationem
649 3257 744 3317 velint
763 3265 863 3317 contra
876 3259 1048 3319 canonicum
1060 3277 1129 3338 pro-

41 3378 46 3384 ·
108 3341 248 3410 cedere,
270 3347 411 3400 tenentur
427 3341 501 3400 duos
529 3360 563 3400 ex
583 3341 710 3417 capitulo
732 3344 886 3401 canonicos
905 3343 1058 3418 adjunctos
1082 3343 1129 3402 lm·

106 3425 192 3486 bere
208 3421 250 3495 ,d
276 3424 403 3501 capitulo
425 3443 502 3485 anno
526 3424 659 3500 quolibet
684 3427 805 3484 ineunte
838 3424 1053 3504 designandos,
1078 3428 1128 3502 qui

106 3521 222 3569 armen
249 3505 310 3566 duo
330 3508 460 3567 canonici
481 3509 665 3567 constituunt
690 3524 784 3567 uuum
803 3509 1007 3568 tantummodd
1030 3508 1139 3567 sulira·'

104 3594 228 3672 gium3
250 3591 321 3651 etsi
343 3591 431 3652 ambo
458 3591 633 3658 contentam
651 3591 685 3653 in
702 3592 877 3654 sententiam
902 3592 1044 3670 Episcopo
1060 3609 1139 3651 can-·

911 3676 971 3735 51..
