2642 4167
392 181 441 254 Eo
453 178 586 274 mantin
602 168 750 255 Benedicti
765 194 854 254 XIV.
1068 201 1124 259 tto

527 380 721 440 VENDITIO.

683 510 691 535 r
866 502 882 517 '⁴
955 534 957 539 ,

159 550 263 612 Clerici
283 534 446 609 beneficiati
474 543 669 624 prohibentur
694 546 781 605 unico
804 550 868 605 actu
895 544 1022 606 vendere
1044 564 1123 608 eona·

120 636 264 705 modum,
282 648 333 692 sen
350 630 506 690 utilitatem
536 628 717 706 percipiendi
741 629 855 689 fructus
876 628 1008 689 beneficii
1027 633 1123 709 quoad

120 719 268 790 vixerint,
295 716 344 774 vel
364 731 418 792 per
437 713 559 791 longum
578 721 715 789 tempus,
739 713 855 790 recepti
880 714 1002 790 pecunia
1031 715 1063 774 in
1090 718 1122 776 ei

120 802 258 872 summi,
286 798 324 858 de
354 798 413 872 qud
432 804 610 857 conventum
639 803 685 855 cst
713 797 792 856 inter
812 795 1015 856 contrahentes
1030 800 1043 867 ¹,
1063 799 1124 857 sive

120 884 244 964 pecunia
256 883 305 942 illa
323 890 384 941 tota
402 880 491 940 slmul
508 880 638 939 solvatur
653 922 662 951 ‚
679 879 741 938 sive
762 897 815 959 per
832 880 931 956 plures
951 881 1120 940 solutiones.

38 999 42 1005 -
120 968 154 1029 ld
173 965 243 1026 verd
256 967 381 1027 vetitum
396 964 451 1024 sub
471 962 772 1024 excommunicatione
788 971 819 1022 et
833 963 898 1021 aliis
914 965 1008 1041 poenis
1022 974 1123 1023 eontra

120 1052 279 1111 alienantes
301 1048 378 1109 bona
400 1048 590 1108 ecclesiastiea
610 1045 751 1121 indictis,
781 1053 812 1105 et
834 1054 999 1107 contractus
1021 1065 1123 1107 omncs

120 1136 160 1195 ita
186 1132 372 1194 celebrandos
401 1134 434 1192 in
462 1133 598 1193 laturum
618 1131 754 1192 Pontilex
775 1131 898 1206 irritat,
923 1140 954 1191 et
978 1132 1120 1191 annullat.

121 1218 242 1278 Constit.
266 1212 445 1277 universatis
457 1213 603 1276 Ecclesiae.

155 1303 192 1360 lu
213 1309 362 1359 contractu
392 1300 549 1377 emptionis
577 1307 608 1359 et
625 1297 832 1374 venditionis,
858 1299 883 1359 si
904 1297 1121 1375 naupactum,

120 1390 179 1462 quo
203 1382 368 1454 venditor,
394 1383 640 1460 quandocumque
666 1383 794 1443 voluerit
817 1400 880 1443 rem
900 1382 1051 1442 venditam
1076 1384 1123 1441 rc-

119 1468 256 1539 dimere,
284 1466 430 1544 obligetur
452 1467 481 1526 vi
506 1466 639 1542 ejusdem
659 1467 736 1546 pacti
764 1467 831 1545 plus
852 1466 945 1537 dare,
967 1465 1055 1543 quam
1076 1482 1122 1524 rc-

120 1552 230 1629 ceperit
245 1551 278 1612 in
292 1551 462 1612 venditione
476 1593 485 1624 ‚
503 1557 669 1613 contractus
682 1560 727 1611 est
741 1550 879 1629 injustus.
893 1552 936 1612 De
949 1551 1021 1628 Syn.
1036 1549 1121 1612 dioec.

118 1637 234 1697 liuto.
253 1637 413 1697 c.8.n.!r.

155 1721 188 1782 Si
207 1718 338 1780 venditio
361 1719 413 1779 liat
432 1736 500 1781 eum
517 1730 601 1798 pacto
623 1720 791 1781 re'dimendi
812 1721 890 1780 intra
913 1726 1026 1780 certum
1046 1726 1122 1778 tem·

118 1821 195 1884 pus,
211 1821 271 1882 quo
283 1803 380 1879 elapso
402 1820 464 1864 non
486 1805 524 1864 sit
542 1802 670 1882 amplids
690 1805 771 1865 loeus
789 1802 1033 1864 retrovenditioni
1046 1823 1055 1878 3
1068 1802 1122 1860 iste

118 1895 285 1948 contractus
297 1885 374 1964 sapit
393 1904 514 1950 usuram
530 1931 539 1962 ,
561 1904 598 1947 ex
619 1905 679 1960 eo,
701 1889 771 1965 quia
786 1887 904 1947 videtur
928 1887 1052 1953 induere
1070 1901 1123 1943 na·

118 1981 216 2033 turam
235 1969 377 2048 pignoris.
393 1971 439 2031 th.
495 1980 498 1989 “

524 2142 719 2203 viaticula.

155 2313 273 2390 AEgroto
291 2309 446 2387 impotenti
465 2310 503 2370 ad
519 2312 667 2373 viaticum
687 2312 864 2373 sumendum
880 2355 889 2386 ,
906 2330 967 2372 non
985 2312 1054 2371 licet
1076 2330 1121 2372 sa·

117 2414 197 2457 eram
208 2393 380 2474 particulam
404 2392 518 2453 deleme
531 2393 568 2453 ad
590 2413 656 2455 eam
684 2396 881 2457 venerandam
906 2403 936 2454 et
953 2396 1121 2455 deosculan-

75 2498 78 2502 ·
115 2481 209 2552 dam,
229 2477 309 2556 quod
331 2477 397 2537 fieri
423 2478 520 2537 vetuit
539 2479 571 2537 S.
597 2478 672 2539 Pius
690 2480 727 2539 V.
746 2487 776 2540 et
791 2482 822 2539 S.
838 2481 946 2558 Congr.
966 2482 1054 2539 Cone.
1080 2484 1121 2539 De

115 2563 211 2624 sacris.
227 2563 307 2621 miss.
323 2560 388 2620 lib.
403 2561 434 2619 5.
447 2576 510 2638 cap.
527 2561 574 2621 li).
598 2578 628 2620 n.
650 2565 681 2622 d.

154 2645 303 2723 Maritum-
328 2645 484 2722 impotenti
514 2643 727 2707 Eucharistiam
754 2647 810 2706 sub
836 2647 933 2725 specie
962 2646 1045 2726 panis
1068 2647 1120 2708 dc·

114 2730 246 2809 glutire,
266 2746 326 2789 uon
353 2735 454 2805 potest
474 2740 696 2790 ›sacramentum
728 2731 925 2791 administrari
949 2732 1004 2790 sub
1026 2730 1120 2811 speeie

114 2813 202 2885 vini,
225 2829 322 2890 neque
342 2811 398 2871 sula
424 2814 520 2889 specie
550 2816 635 2892 panis
657 2815 774 2875 intincti
797 2815 828 2874 in
846 2814 917 2875 vino
934 2823 1118 2889 consecrato,

113 2895 166 2957 sed
185 2894 306 2957 omniud
322 2894 499 2973 linquendus
510 2905 554 2957 est
573 2915 634 2957 non
652 2898 777 2959 refectus
796 2898 876 2958 satra
893 2901 1119 2970 communione,

114 2977 185 3040 edm
213 2985 393 3056 preceptum
421 2980 528 3040 Viatiei
551 2996 611 3041 non
634 2981 764 3061 obliget,
790 2982 846 3041 nisi
869 2981 938 3042 edm
959 2982 1119 3041 ministrari

114 3069 211 3139 potest
236 3062 308 3122 ritu·
321 3061 357 3121 ab
370 3062 505 3124 aeclesia
534 3081 594 3125 non
617 3064 789 3144 prohibit03
814 3067 868 3125 iste
894 3063 965 3126 verd
983 3064 1059 3124 ritus
1083 3065 1120 3123 ab

112 3145 240 3206 Ecclesid
255 3144 347 3204 latiud
368 3144 491 3207 omniud
506 3145 693 3226 prohibetur.
706 3150 782 3210 lbid.
796 3166 827 3209 n.
840 3150 868 3209 d.

158 3227 294 3287 Vicissim
324 3235 424 3288 autem
452 3228 535 3289 licite
564 3226 789 3294 administratur
822 3231 878 3292 sub
909 3233 1004 3311 specie
1035 3231 1119 3309 panis

110 3312 185 3372 vino
199 3311 339 3456 velbqqud
361 3326 422 3371 nou
452 3315 617 3375 consecrati
638 3316 814 3390 madefacti,
836 3324 869 3376 ut
886 3315 996 3377 facilius
1016 3313 1135 3393 degio·-

110 3397 241 3456 tiatur.l
263 3395 271 3456 i
296 3436 305 3453 .

156 3653 238 3713 Toni.
253 3651 314 3710 IX.
