2642 4167
357 220 360 225 ¹
384 239 433 301 Ea
450 233 582 318 apertius
595 233 749 297 Benedicti
756 237 845 299 XIV.
1061 236 1119 303 135

153 341 323 405 Generatim
342 339 413 403 reri
428 339 478 419 jus
494 349 537 401 est
558 341 707 419 Episcopis
728 330 837 417 cogerc'
851 338 999 415 regulares
1017 347 1120 419 parcre
1218 349 1224 360 ⁴

115 427 170 490 sibi
190 428 264 486 circa
283 445 335 497 ca,
353 445 418 505 quae
437 425 474 485 ad
489 424 629 501 majorem
647 426 760 483 cultum
777 421 866 500 hujus
886 422 1041 484 incitatius
1054 446 1120 505 my·

99 513 197 573 „sterii
213 521 241 571 ct
253 511 457 571 celebrationis
477 510 572 568 missac
588 506 784 587 praeripicnda
805 509 1020 568 consueverint.
1035 510 1118 583 Quod
1154 540 1156 543 ·

116 614 150 656 cx
166 596 283 657 decreto
296 594 430 654 Trident.
451 610 520 651 sess.
542 593 590 654 22.
605 594 649 651 De
667 587 855 659 observandis
876 599 904 651 et
927 591 1072 654 evitandis
1088 593 1120 655 in

115 677 303 741 celebratione
313 676 429 759 atissa,
444 677 570 736 eruitur.
585 674 629 736 lb.
647 694 680 735 n.
695 678 724 737 5.

154 767 311 844 Regulares
334 769 472 824 tenentur
495 762 600 841 parere
626 763 769 841 Episcopo
795 761 997 841 precipienti,
1022 779 1060 821 ne
1089 761 1121 820 in

116 866 219 912 corum
233 849 366 910 Ecclesiis
387 852 551 924 exponatur
570 846 687 905 insolita
710 847 806 926 imago
815 891 825 922 ,
841 857 892 906 aut
908 863 983 905 nova
996 842 1122 923 reliquia

85 953 88 958 ·
122 934 239 1013 abipso
256 951 316 992 non
333 931 509 1011 approbata,
522 937 551 989 ct
569 929 772 990 inobedientes
786 930 907 1008 pessunt
918 931 1006 989 etiam
1020 947 1123 989 censu·

117 1019 159 1079 iis
179 1018 262 1097 cogi,
285 1027 319 1078 ut
337 1035 373 1089 ex
392 1016 472 1077 decr.
497 1016 528 1075 S.
543 1016 650 1095 Cougr.
668 1015 752 1077 diet
775 1016 856 1077 Juuii
876 1015 964 1076 1700.
987 1017 1030 1074 De
1048 1016 1120 1093 Syn.

117 1101 488 1164 droctoaldus.

157 1189 315 1267 Regulares
328 1186 429 1265 puniri
448 1191 570 1264 possunt
585 1184 622 1244 ab
633 1184 774 1265 Episcopo
791 1194 941 1264 tamquam
959 1184 1123 1262 apostolicas
1204 1212 1207 1218 ·

117 1271 368 1352 Scdisdclcgato‚
391 1270 504 1348 siquid
528 1270 710 1348 deliquerint
732 1272 764 1329 in
790 1270 845 1343 iis,
869 1288 935 1347 quai
961 1268 1123 1346 respiciunt

82 1382 84 1386 ·
117 1357 282 1418 clausuram
306 1354 479 1416 monialium
505 1355 594 1415 ctiam
617 1364 839 1432 exemptarum,
865 1361 896 1414 et
916 1370 1034 1424 earum,
1057 1372 1123 1431 qucc

120 1441 197 1502 intra
210 1440 380 1502 monasterii
391 1449 471 1518 septa
486 1439 607 1518 degunt.
622 1439 666 1499 lb.
679 1458 710 1498 n.
723 1440 753 1499 o.

145 1527 315 1604 >Regularcs
337 1543 398 1587 non
420 1534 543 1603 possunt
563 1525 747 1585 secularium
772 1523 964 1585 consessiones
990 1522 1124 1600 excipere

118 1609 183 1672 sine
198 1606 333 1687 licentiat,
346 1610 448 1690 pretio
465 1616 493 1668 et
509 1606 686 1689 berieplucito
703 1608 859 1689 Episcopi,
875 1627 940 1686 quae
954 1607 1042 1685 rcrlpe
1054 1615 1125 1667 sunt

119 1697 240 1755 Extrav.
254 1692 357 1772 Bonif.
376 1694 448 1753 Vll.
463 1694 494 1752 iu
505 1711 568 1771 cap.
583 1695 678 1773 Super
692 1689 880 1771 cotiiedrem,
897 1691 931 1752 de
946 1687 1122 1771 sepulturis,

118 1777 201 1855 quod
213 1786 243 1838 et
257 1777 443 1838 coutlrmavit
455 1777 540 1835 Trirl.
555 1794 624 1836 scss.
642 1779 691 1836 25.
707 1794 771 1855 cap.
783 1778 831 1836 li.
843 1774 878 1837 de
891 1774 961 1855 τεῇς
972 1776 1023 1835 sed
1036 1780 1065 1833 'et
1083 1773 1124 1832 las

118 1871 164 1923 cst
186 1862 335 1941 Episcopis
354 1877 418 1918 eam
442 1859 610 1934 facultatem
633 1861 762 1920 liuiitare
786 1860 823 1919 ad
845 1868 959 1920 certum
984 1869 1122 1936 tempus,
1153 1910 1156 1915 .

117 1954 271 2024 certusque
282 1958 420 2023 personas
426 1988 436 2019 ,
453 1945 526 2020 quin
538 1954 567 2003 et
582 1963 616 2002 ex
629 1955 711 2022 parte
721 1962 875 2014 revocure,
889 1945 1125 2019 contrariamque
1162 1950 1167 1976 ¹

30 2080 32 2105 ,
117 2031 291 2109 opinionem
309 2023 476 2088 Alexander
494 2029 565 2088 VII.
587 2027 635 2089 die
657 2031 696 2089 50
711 2028 837 2106 januarii
859 2031 945 2090 1659.
963 2027 1123 2089 damnavit
1180 2102 1184 2109 ἱ

116 2117 164 2176 De
177 2116 248 2194 Syn.
260 2112 346 2173 dioec.
357 2111 410 2171 tiu.
422 2113 452 2173 9.
468 2129 532 2189 cap.
548 2113 596 2174 tt.
611 2132 643 2174 n.
658 2116 689 2174 7.

159 2200 284 2259 Possunt
305 2207 403 2256 tamen
424 2198 572 2271 regulares
592 2197 628 2258 ab
644 2198 787 2277 Episcopo
806 2198 961 2277 approbatl
980 2200 1066 2260 acciri
1087 2198 1125 2260 ad

118 2280 415 2346 domossoecularium
425 2283 629 2360 aegrotantum
639 2327 648 2354 ‚
659 2302 763 2344 eorum
777 2284 969 2343 consessiones
982 2282 1124 2354 audituri,

120 2382 185 2429 nou
210 2364 336 2445 petitia
360 2366 493 2442 parochis
514 2369 721 2444 aegrotantium
743 2367 881 2441 licentiat3
902 2366 953 2425 sed
971 2366 1008 2425 dc
1025 2366 1126 2427 auditi

31 2450 32 2463 ¹
119 2452 327 2528 inpietantium
348 2449 470 2509 illorum
490 2451 671 2509 consessione
692 2451 800 2509 debent
815 2451 983 2527 relinquere
1003 2468 1124 2529 syngra-

118 2533 232 2614 pham,
250 2535 308 2613 qui
327 2532 670 2613 parocliuscertlorctur.
688 2533 873 2594 traiano.

160 2617 1125 2698 regularibuspraetattsnanltcetmonastatamoniattumsibisuo

106 2703 561 2785 jectarumingredi‚nisiseniol
579 2703 1135 2779 insnuoeausirisitatiunis3siautem‘

120 2790 277 2850 necessitas
299 2798 420 2868 urgeat,
438 2799 471 2849 ut
489 2786 595 2867 soepiiis
608 2787 834 2868 ingrediantur,
852 2806 912 2848 uon
932 2798 1053 2867 possunt
1068 2789 1125 2849 uisi

121 2891 191 2934 cum
212 2873 367 2950 prasentia
385 2873 518 2951 Episcopi
542 2871 716 2941 diaecesani,
730 2880 783 2932 aut
802 2873 924 2933 alterius
941 2873 1125 2933 ecclesiastici
1172 2914 1178 2921 -

120 2957 245 3036 abipso
273 2955 417 3035 deputati.
442 2959 485 3018 lta
506 2952 543 3018 ex
572 2959 782 3018 constitutione
808 2953 916 3032 Felici,
939 2955 1024 3019 aliea.
1050 2959 1123 3019 VII.

121 3040 166 3102 De
176 3059 242 3121 syn.
254 3040 371 3102 dioeces.
383 3040 436 3101 lib.
448 3044 477 3102 9.
489 3061 552 3120 cap.
564 3044 611 3103 tt.
626 3061 656 3102 ιι.
669 3044 698 3102 o.

162 3125 355 3203 Regulnribus
377 3126 503 3185 vetitum
522 3135 566 3187 est
585 3127 696 3205 alloqui
717 3125 860 3187 moniales
873 3125 962 3186 etium
983 3128 1038 3187 sibi
1056 3129 1125 3190 sub·

120 3208 213 3287 iectus
224 3209 289 3270 sinc
303 3208 421 3270 licentii
438 3211 572 3288 expressi
591 3228 651 3271 nou
672 3207 768 3271 soliim
788 3212 949 3289 superioris
962 3213 1124 3291 regularis,

120 3292 174 3356 scd
188 3293 344 3372 Episcopi,
368 3312 406 3354 ne
424 3294 472 3354 vel
488 3295 580 3355 semel
598 3294 720 3373 quidem
737 3312 790 3372 per
809 3294 937 3372 spatium
956 3297 1126 3374 quadrantis

122 3374 205 3437 lioroe
223 3395 291 3436 cum
319 3376 460 3452 dimidio,
485 3378 591 3439 nevel
615 3380 726 3458 pariter
747 3379 898 3440 occasione
920 3381 1067 3441 concionis
1088 3382 1125 3442 ad
1152 3444 1155 3449 ,

122 3460 267 3523 moniales
281 3461 344 3520 illas
363 3460 486 3532 habitae,
501 3480 538 3522 nc
553 3463 599 3523 vel
612 3463 731 3525 tandem
750 3481 786 3524 ex
802 3464 886 3524 causi
899 3473 1125 3542 quantumcum-

126 3562 184 3623 que
197 3543 359 3606 honesttct
373 3547 432 3624 pit.
444 3545 520 3607 lbid.
534 3564 565 3606 n.
582 3548 611 3607 7.
653 3558 656 3565 ’
1057 3546 1063 3555 ’

164 3630 321 3709 ltcgularcs
348 3629 517 3692 subduntur
547 3629 718 3699 coercitioni
747 3632 908 3712 Episcopi,
924 3633 948 3691 si
981 3633 1124 3710 excipiant

922 3717 971 3775 57.
