2642 4167
404 135 455 196 Ee
467 131 602 214 operatos
616 131 767 196 Benedicti
778 135 828 196 X!
833 135 867 196 V.
940 210 943 215 ,
1082 139 1139 200 277

132 246 165 298 ut
192 237 329 319 oronites
349 237 455 315 praestit
474 255 535 296 osse
551 237 685 315 possint,
700 256 765 314 quae
783 233 925 313 delegatio
945 242 1040 297 morte
1061 239 1140 299 dele·

132 324 229 399 gantis
255 316 315 382 lton
344 322 481 399 expiret,
505 323 555 380 sed
573 329 740 396 perseveret
757 339 848 398 usque
869 322 905 378 ad
928 331 1137 398 superventum

126 408 202 477 ¹rtovi
221 407 371 483 praesuiis,
388 405 471 482 eujus
487 407 519 464 in
540 405 662 465 arbitrio
684 414 728 464 est
749 423 798 465 eos
816 405 989 464 confirmare
1003 450 1011 476 ‚
1027 408 1074 467 vel
1093 426 1139 466 re·

133 490 263 549 movdrc.
278 491 375 563 Quare
401 508 494 550 novus
517 488 636 567 quidem
660 490 765 568 praesul
782 507 901 566 poscere
918 490 1005 549 debet
1026 489 1042 549 a
1064 493 1141 550 Pon·

134 572 214 633 tistce
233 574 364 634 eumdem
381 574 570 643 facultatem,
593 591 653 632 non
673 573 743 633 reri)
762 573 883 650 delegati
904 574 970 641 itti,
990 576 1058 651 quia
1078 595 1140 653 per-

132 659 296 717 sevocatio
319 659 377 717 illis
396 659 503 734 prioris
528 658 660 733 Episcopi
681 658 846 734 delegatio,
867 658 906 716 ita
927 659 1070 717 Pontifex
1094 659 1139 717 lb.

130 744 204 803 Si
228 753 327 802 tamen
350 743 458 820 praesul
476 760 510 801 ex
534 743 592 800 uuit
608 742 731 800 Ecclesid
760 741 982 801 transier'atur
975 761 1005 800 tn
1028 744 1140 813 aliam,

133 830 209 889 novit
223 829 335 905 indiget
351 828 487 887 soetdtate
499 828 592 905 ,quia
615 827 696 904 prior
718 826 762 885 illi
785 826 851 886 data
873 826 930 885 fuit
953 828 1141 904 praecedentis

132 913 333 972 ‹lioeeesis't
288 933 318 971 tn
322 914 410 972 tuito.

172 999 258 1056 Ritus
281 995 368 1072 hujus
382 995 593 1055 benedictionis
612 993 814 1074 impertieudoe
834 992 959 1054 habetur
980 994 1141 1075 descriptus

54 1106 56 1109 ·
132 1081 286 1139 incident
307 1082 469 1159 Eneyelirai.

173 1166 247 1225 Tres
258 1165 499 1224 Benedictiones
491 1164 668 1261 impertiunt
684 1164 808 1224 abbates
831 1122 977 1241 regulares
990 1183 1026 1224 ex
1040 1165 1142 1227 decre·

131 1244 329 1308 tisdlcxond.
349 1250 445 1309 Vra·
437 1249 600 1320 inmissis,
622 1250 768 1325 vesperis,
788 1249 983 1309 etmatutinis
1002 1251 1143 1310 solemni·

131 1331 200 1390 ltus.
212 1333 247 1390 ln
261 1334 356 1391 missis
369 1333 465 1409 privat
468 1334 492 1391 is
454 1331 579 1391 tnihil
595 1351 682 1409 supra
695 1334 824 1411 reliquos
834 1332 995 1391 sacerdotes
1004 1333 1062 1394 illis
1071 1352 1159 1402 σοι»,

132 1433 249 1474 cessum
262 1426 314 1477 est.
327 1421 369 1477 Ex
380 1418 486 1476 iisdem
499 1412 633 1477 decretis.
650 1419 721 1476 inst.
740 1418 847 1480 Eccles.
861 1418 910 1476 ot.
925 1434 956 1475 o.
974 1418 1023 1475 to.
1114 1451 1119 1461 ·

513 1548 757 1644 ‘aurearoma

144 1825 148 1830 Δ
171 1756 353 1816 Beneficium
374 1756 482 1834 siquis
498 1755 666 1815 fundaverit
689 1754 727 1814 de
750 1756 811 1814 suis
837 1756 1008 1818 huniscum
1036 1765 1140 1837 paeto,

128 1851 166 1902 ut
187 1843 250 1920 ipse
268 1851 417 1920 tamquam
432 1840 621 1900 beneficiatus
639 1841 699 1899 illis
715 1841 848 1913 fruatur,
865 1850 927 1901 tum
946 1852 1011 1920 post
1027 1843 1141 1915 obitum

127 1946 220 1989 suum
234 1926 285 2005 jus
304 1926 474 2006 patronatus
497 1926 673 1985 trauseatad
686 1925 834 1997 haeredes,
857 1946 1035 2004 quamquam
1053 1930 1142 1989 simo-

127 2013 251 2073 niacum
267 2012 298 2073 id
313 2013 413 2071 audiat
425 2011 502 2088 apud
525 2012 633 2070 multos
646 2032 654 2087 3
669 2020 798 2071 attamen
811 2011 848 2070 ab
862 2030 895 2070 ea
916 2013 982 2072 tabe
1005 2016 1141 2075 immune

127 2095 245 2155 censeri
270 2107 389 2174 potest3
412 2096 610 2172 nequeenim
635 2096 704 2156 satis
733 2114 795 2155 esso
816 2096 996 2158 discriminis
1018 2096 1141 2179 apparet

128 2180 214 2239 inter
237 2198 305 2240 euru
323 2182 374 2258 qui
394 2181 497 2240 fundat
517 2179 694 2240 heneficium
716 2200 783 2240 euru
804 2191 907 2260 paeto,
925 2191 960 2240 ut
975 2186 1143 2243 conseratur

126 2266 197 2326 filio
212 2284 288 2339 suo,
308 2277 364 2326 etc.
378 2276 407 2325 ct
419 2266 504 2324 illum
523 2267 573 2343 qui
588 2267 653 2327 vuit
670 2267 724 2326 sibi
736 2268 862 2341 conierri
873 2289 882 2342 3
895 2270 1045 2345 utrimque
1058 2270 1140 2329 enim

126 2358 254 2429 paetum
273 2351 373 2421 adest,
386 2352 425 2410 ita
440 2368 476 2409 ex
494 2351 621 2421 Pitonio.
636 2352 734 2410 Instit.
749 2352 857 2410 Eceies.
876 2351 925 2410 95.
937 2371 969 2410 o.
980 2354 1010 2412 t.

169 2434 204 2492 Si
218 2436 285 2511 quis
303 2434 374 2495 verit
394 2435 498 2495 offerat
516 2435 590 2493 bona
609 2437 640 2493 in
654 2444 847 2510 augmentum
856 2434 990 2494 beneficii
1002 2435 1064 2512 jam
1077 2453 1143 2496 ere-

126 2520 170 2580 cti
184 2561 193 2589 ‚
209 2538 264 2579 nec
280 2529 379 2580 tamen
400 2519 570 2597 petronatirs
585 2518 633 2595 jus
651 2518 800 2594 acquirat,
816 2528 887 2576 tune
906 2521 1009 2594 pacisci
1022 2538 1082 2579 non
1096 2540 1144 2598 po·

126 2615 212 2682 test,
235 2615 269 2667 ut
286 2608 342 2667 sibi
363 2607 539 2681 beneficium
566 2604 642 2665 illud
661 2603 854 2681 conseratur,
873 2613 907 2662 ut
925 2622 961 2663 ex
980 2607 1049 2684 Cap.
1078 2610 1142 2667 Tuo

126 2707 212 2761 uos,
231 2690 269 2750 de
281 2691 417 2752 simonia
429 2691 505 2752 lbid.
517 2709 548 2750 o.
565 2692 615 2750 12.

169 2776 319 2836 Patronus
334 2796 394 2837 non
417 2785 512 2855 potest
531 2795 562 2837 se
582 2783 759 2854 praesentare
778 2774 815 2833 ad
833 2773 1029 2847 beneficium,
1049 2787 1083 2837 ut
1107 2796 1143 2837 ex

125 2864 207 2940 Cap.
222 2862 424 2932 Pteromatos,
435 2860 550 2938 dejure
566 2859 757 2939 petronutio,
773 2859 823 2919 sed
840 2867 937 2937 potest
949 2877 1052 2937 rogare
1062 2863 1144 2939 Epis-

125 2963 265 3024 copum,
282 2954 317 3006 ut
333 2945 356 3004 si
371 2947 539 3005 inveniatur
559 2947 686 3024 dignus,
705 2946 761 3004 sibi
775 2945 850 3005 iliud
863 2946 992 3005 eouierat
1003 2966 1013 3021 ;
1025 2945 1086 3005 sive
1098 2946 1145 3005 de·

123 3027 248 3106 noejus
265 3029 437 3106 potronatds
453 3048 539 3089 suum
559 3031 644 3090 alteri
663 3030 773 3090 donare
791 3030 948 3089 donatione
966 3029 1078 3088 sinceri
1090 3073 1098 3101 ,
1109 3048 1144 3088 ex

124 3114 194 3192 qua
213 3113 277 3192 ipse
297 3113 439 3191 perpetuo
454 3106 619 3191 expolietur
632 3112 702 3193 jure
723 3115 840 3193 patroni
855 3159 863 3185 ,
878 3112 997 3191 quando
1010 3112 1145 3173 donatio-

124 3215 205 3265 uem
224 3197 432 3275 approbaverit
448 3199 624 3276 Episcopus,
647 3199 696 3257 vel
714 3200 817 3258 saltem
839 3200 997 3276 Episcopus
1012 3200 1144 3257 conterat

125 3281 234 3342 eidem
252 3281 362 3358 absque
381 3284 489 3360 praevii
501 3285 727 3360 praesentatione
739 3282 935 3353 beneficium,
953 3290 982 3341 et
995 3281 1145 3342 beneficia·

126 3377 185 3427 tus
197 3365 274 3437 illud
287 3376 437 3446 acceptet,
453 3375 518 3426 tum
536 3377 602 3447 post
613 3369 826 3430 collationem
817 3385 879 3447 tpso
892 3376 1010 3453 prestet
1023 3376 1145 3429 cousen-

124 3468 202 3510 sum
224 3469 322 3510 suum.
337 3452 433 3511 lustit.
448 3452 523 3512 Eeel.
540 3455 588 3513 95
604 3471 637 3511 o.
655 3455 685 3512 5.

173 3535 336 3681 {ireneiapp
338 3536 518 3613 resignantes
531 3538 585 3597 sub
604 3539 768 3626 pensione,
782 3539 806 3600 si
826 3539 900 3603 elam
914 3513 1041 3750 paetpm
1051 3535 1146 3601 iuive-

206 3635 252 3678 om
952 3628 971 3684 ἃ
