2642 4167
465 229 529 296 Art.
545 230 574 289 5.
588 229 632 290 Do
644 225 796 290 ordinibus
812 243 886 312 maj.
1122 232 1180 293 att

172 332 357 410 sepiamtione
373 330 465 401 laeti,
477 338 511 389 ut
527 328 653 390 habetur
665 348 702 390 ex
710 329 794 389 Trid.
809 331 840 390 in
855 328 957 412 eadem
970 345 1038 392 aeas.
1052 332 1101 393 l'o‘.
1113 350 1180 395 eoo.

173 418 204 476 5.
220 415 327 486 Unde,
345 414 527 493 separatione
546 431 605 474 nou
628 413 719 484 laeta,
741 422 873 474 remanet
895 415 1017 491 questio
1034 414 1180 488 indecisa,

174 516 214 558 an
228 497 362 559 Christus
375 500 414 558 sit
427 504 512 558 ‘totus
527 496 583 557 sub
600 498 705 574 quavis
719 498 824 575 speciei
845 507 937 576 parte.
953 501 986 557 ln
1000 497 1181 559 liueheristia

174 590 274 641 autem
290 580 360 642 lieet
372 598 433 641 non
447 590 581 641 sumatur
594 597 718 658 persona
730 581 840 650 Patris,
855 599 908 640 neo
918 580 1044 659 Spiritus
1054 583 1084 640 S.
1093 590 1182 660 prout

131 711 134 714 .
173 665 304 725 sumitur
318 673 443 741 persona
453 665 544 724 Verbi
554 707 562 734 ,
571 681 637 742 quae
646 673 690 723 est
701 663 1068 743 hypostatiodhumanitati
1081 666 1180 734 uuita,

173 757 274 807 tamen
294 758 364 808 sunt
387 749 418 807 in
438 747 618 808 Eucharistia
640 749 729 807 etiam
751 766 882 825 personae
898 750 990 808 Patris
1013 756 1042 807 et
1055 748 1182 826 spiritns

173 834 206 890 S.
216 832 255 891 ob
272 832 437 891 naturalem
454 835 615 904 unionem,
637 832 699 891 sire
715 841 828 893 naturae
848 831 958 893 divinae
977 832 1181 905 identitatem,

175 931 265 995 quam
283 914 393 976 babent
414 934 481 976 oum
497 916 607 976 Verbo.

143 1001 145 1006 ’
215 1001 283 1060 tun.
307 1033 347 1045 ·-·
367 1001 465 1074 Quaer.
489 1001 542 1060 lll.
564 1001 690 1073 Quinam
711 1002 771 1060 siut
792 1002 823 1061 in
843 999 928 1061 Missa
952 999 1138 1078 offerentes3.
1151 1005 1193 1063 et‘

175 1084 298 1162 quinam
310 1083 430 1144 effeetus
445 1085 561 1144 blissee?
572 1085 734 1145 Ollerentes
747 1095 816 1145 sunt
827 1095 905 1145 tres:
921 1084 1054 1146 Christus
1067 1087 1119 1163 qui
1135 1095 1181 1148 est

174 1168 350 1247 principalis
370 1168 517 1240 offerens,
538 1170 663 1229 Ecclesia
676 1213 684 1240 ,
699 1178 728 1229 et
740 1170 890 1239 sacerdos,
908 1171 960 1248 qui
974 1170 1060 1230 ollert
1075 1180 1108 1231 ut
1124 1172 1181 1230 mi-

174 1252 270 1313 nister
282 1263 340 1313 tam
351 1252 478 1321 Christi,
492 1252 581 1329 quim
592 1254 741 1313 Eeelesias:
754 1254 794 1313 ita
804 1250 1007 1314 Beliormioue
1019 1253 1065 1332 (de
1075 1253 1179 1333 saeris.

173 1338 280 1399 Meso
301 1355 366 1417 cap.
385 1335 440 1414 6.).
453 1337 579 1396 Elleetus
600 1348 699 1397 autem
722 1339 815 1397 blissee
828 1344 897 1397 sunt
921 1348 1072 1415 quatuor:
1091 1340 1114 1400 i.
1131 1341 1180 1399 Est

174 1419 311 1480 remissio
327 1429 525 1500 peecatorum,
546 1439 606 1481 nou
626 1421 746 1498 quidem
766 1420 935 1481 immediati
952 1430 983 1481 et
994 1439 1047 1499 per
1065 1438 1116 1495 se,
1130 1423 1181 1482 sed

166 1503 306 1566 ‘mediati
325 1523 378 1583 per
401 1505 543 1565 auxilium
566 1507 646 1583 quod
670 1508 702 1566 iu
723 1506 809 1566 Missa
832 1507 1007 1584 impetratur
1027 1506 1063 1566 ad
1088 1506 1183 1583 paeni·

174 1589 322 1660 tentiam,
342 1590 401 1667 qul
418 1591 504 1649 venia
520 1590 627 1649 deinde
644 1590 819 1666 obtinetura
840 1592 881 1649 ita
902 1593 1101 1649 communiter
1118 1581 1182 1649 Bet

175 1670 267 1733 [omn.
280 1676 370 1734 Sues.
389 1676 481 1735 etalii
498 1692 565 1733 eum
585 1678 625 1735 D.
644 1674 699 1735 Tb.
720 1674 766 1752 (io
779 1677 810 1735 i.
826 1671 895 1734 dist.
916 1675 965 1735 ts.
979 1690 1010 1753 q.
1025 1677 1057 1735 2.
1074 1680 1132 1733 oet.
1149 1675 1179 1733 2.

174 1774 211 1838 q.-
233 1761 261 1818 ἱ).
283 1757 324 1819 ed
343 1757 405 1838 4.),
428 1759 479 1837 qui
496 1761 538 1818 ait
555 1759 673 1818 Missam
690 1758 789 1818 delere
817 1767 960 1835 peceata,
982 1758 1016 1818 io
1035 1764 1183 1838 quantum

172 1840 309 1923 pretium
335 1842 520 1904 contritionis
539 1841 687 1922 impetret.
711 1843 803 1921 idque
821 1840 901 1902 reete
920 1842 1026 1903 doeeut
1049 1850 1079 1902 et
1101 1860 1182 1902 eom·

174 1924 352 1988 manissime
384 1930 445 1988 At.
478 1945 545 1987 eum
575 1928 679 1988 eedem
710 1928 741 1986 S.
771 1928 899 1986 Doctore
932 1923 976 2006 (l.
1001 1927 1048 2005 e.)
1081 1936 1182 1987 eontra

177 2011 312 2079 Cenum,
328 2020 357 2071 et
374 2010 559 2085 Veientium,
578 2012 736 2089 procedere
750 2020 811 2071 tsm
830 2011 867 2070 de
885 2011 1074 2084 mortalium,
1093 2010 1183 2090 qulam

174 2095 339 2156 venialium
349 2100 502 2173 culparum
517 2097 689 2157 remissione
700 2092 733 2174 (l.
744 2098 772 2156 6.
784 2114 816 2156 o.
828 2094 920 2173 511.)
937 2098 975 2155 ΙΙ.
988 2097 1037 2155 Est
1049 2094 1182 2157 remissio

172 2197 356 2261 penarum
374 2180 420 2241 hae
442 2198 496 2259 per
519 2183 639 2241 Missam·
658 2181 827 2242 immediate
849 2182 1044 2260 remittuntur
1067 2180 1183 2240 homini

172 2266 277 2342 justo,
296 2284 351 2345 pro
368 2282 428 2345 quo
443 2268 526 2326 Missa
540 2265 682 2335 offertur,
696 2266 894 2332 communiter
906 2266 981 2327 Gon.
994 2266 1082 2326 Suor.
1096 2266 1191 2328 Cone.

175 2343 273 2409 Solon.
293 2351 403 2429 aliique
425 2367 493 2409 eum
512 2352 553 2409 D.
573 2348 627 2410 ΤΙι.
647 2350 688 2427 (6.
708 2358 790 2429 port.
807 2368 858 2428 qu.
871 2351 921 2409 97.
935 2355 994 2407 ert.
1013 2346 1056 2426 li.)
1068 2349 1184 2408 dicente

91 2468 97 2476 ·
176 2431 261 2511 qubd
280 2429 335 2494 ltoe
350 2436 570 2495 Sacramentum
594 2434 626 2492 iu
649 2445 793 2511 quantum
816 2443 861 2493 est
880 2431 1077 2504 sacrificium,
1095 2429 1184 2491 habet

176 2517 243 2576 vim
263 2519 476 2580 satisiaetivam.
498 2521 550 2578 lll.
572 2520 621 2578 Est
649 2518 860 2577 incrementum
885 2515 1010 2596 pretim,
1035 2532 1095 2574 non
1121 2513 1184 2590 jam

178 2618 221 2661 ex
233 2619 321 2678 opere
339 2612 459 2681 operato
472 2612 502 2663 et
521 2601 709 2671 immediati,
726 2610 759 2659 ut
781 2601 909 2659 sentiunt
932 2599 1040 2673 aliqui,
1057 2597 1107 2656 sed
1124 2615 1184 2657 me·

177 2685 262 2746 diatd
275 2699 329 2764 per
340 2688 447 2758 auxilia
463 2705 530 2764 que
547 2686 722 2745 obtinentur
733 2683 863 2743 exilisse
875 2681 912 2739 ad
925 2682 1018 2739 bonos
1036 2680 1186 2758 perficien-

178 2772 238 2831 dos
256 2782 353 2842 aetus,
369 2772 477 2849 quibus
493 2771 585 2849 gratio
600 2777 742 2846 augetur,
762 2775 795 2825 ut
815 2765 919 2825 docent
940 2767 1072 2845 Castrop.
1094 2767 1183 2845 Vosq.

177 2857 272 2917 Soter.
288 2858 387 2936 iope.
404 2863 456 2916 eto.
479 2854 687 2915 communiter.
711 2854 761 2911 lv.
781 2853 831 2909 Est
851 2849 1023 2931 impetratio
1045 2843 1184 2910 bonorum

179 2950 246 3000 tam
265 2942 461 3017 spiritualium
484 2939 572 3017 quim
593 2936 800 3013 temporalium
814 2975 823 3008 ,
836 2931 980 3013 quatenus
996 2934 1103 2994 anime
1121 2951 1185 3012 pre

178 3032 254 3085 sunt
271 3021 303 3102 tt.
321 3027 351 3085 6.
364 3043 397 3085 o.
415 3024 483 3084 illl.
500 3041 529 3083 e.
543 3025 590 3082 ΙΙ.
609 3019 775 3099 Effectus).

223 3110 290 3169 tos.
301 3110 498 3183 -Queritur
511 3128 519 3165 t
536 3125 590 3186 pro
602 3106 709 3183 quibus
725 3102 855 3181 personis
868 3103 960 3180 possit
970 3097 1069 3162 offerri
1080 3101 1187 3162 Missa?

179 3196 283 3256 Potest
302 3211 357 3271 pro
373 3192 607 3270 quibuscumque
622 3187 779 3261 fidelibus,
800 3187 979 3257 infantibus,
998 3186 1136 3261 obsessis,
1157 3197 1187 3248 et

178 3277 264 3347 aliis,
278 3279 332 3338 etsi
343 3279 470 3337 existant
486 3277 515 3335 in
525 3284 652 3353 peccato.
667 3275 712 3333 dn
731 3282 829 3332 autem
839 3289 894 3350 pro
906 3271 1187 3331 excommunicatis?

179 3361 216 3422 si
233 3360 288 3437 ipsi
309 3368 378 3420 sunt
395 3360 506 3419 vitandi
515 3405 524 3435 ,
539 3360 642 3436 nequit
658 3357 791 3416 sacerdos
810 3373 867 3431 pro
880 3355 938 3413 illis
953 3353 1058 3413 offerre
1070 3351 1186 3417 Missam

178 3445 305 3507 nomine
323 3444 475 3514 Eoelesioe,
492 3444 554 3502 site
571 3450 606 3500 ut
626 3442 761 3499 minister
780 3438 903 3513 Christi,
923 3454 960 3496 ex
976 3456 1001 3498 e.
1016 3440 1046 3498 2.
1061 3435 1096 3497 de
1111 3445 1185 3498 aetat.

178 3544 324 3591 estomru.
344 3529 374 3587 Si
396 3525 468 3588 vead
487 3536 555 3586 sunt
579 3524 713 3595 tolerati,
731 3521 912 3601 probabilius
935 3530 979 3582 est
1000 3539 1067 3583 eum
1078 3520 1186 3583 Sousia.

177 3612 318 3674 Nason.
338 3613 439 3693 tropo,
458 3617 510 3672 eto.
530 3616 632 3672 eontra
650 3607 721 3668 alios
741 3602 774 3686 (l.
790 3606 820 3666 6.
835 3624 867 3668 a.
882 3604 979 3686 eus),
992 3621 1076 3687 posse
1094 3623 1188 3667 saeer-
