2642 4167
150 207 209 271 2⁰8
344 202 480 286 Epitooic
493 200 632 264 cicatrice
647 197 807 264 irrorabact
820 199 968 263 eonortica

149 318 217 372 rato
232 304 395 378 babentes,
420 306 528 366 debent
542 304 645 382 jurare
668 305 700 366 iu
721 302 856 365 manibus
879 301 1002 379 alicujus
1022 301 1158 384 Episcopi
1240 314 1247 328 “
1296 279 1302 286 ’

151 409 204 452 seu
217 391 315 451 narntii
335 391 486 468 apostolici
501 398 553 450 aut
569 388 679 468 legati,
696 406 800 450 eorum
819 387 942 465 arbitrio
960 387 1110 464 eligendi,
1126 406 1160 447 sa

151 474 320 537 visitaturos
335 493 414 534 suem
429 475 532 534 limina
545 473 752 552 Apostolorum
767 473 960 550 personaliter
972 491 1005 531 ac
1023 490 1076 551 per
1085 473 1160 551 seip-

151 575 217 635 sos,
233 568 322 637 atquc
339 559 472 619 Romano
492 558 626 617 Pontifici
650 557 824 617 relationem
844 556 950 616 atierre
963 557 1158 616 Ecclesiarum

150 660 284 703 suarum.
301 644 342 702 Ex
356 640 402 701 liis
421 640 493 702 verb
508 642 560 719 qui
583 641 647 701 ltali
665 642 777 700 suerint
795 641 843 699 vel
863 641 1025 700 insularum
1044 642 1155 709 ltaliae,

151 727 241 787 tertio
266 744 384 804 quoque
397 744 494 801 anno,
509 726 617 802 reliqui
634 725 705 786 verb
725 726 829 803 quinto
847 742 964 803 qaioque
983 724 1089 785 annot
1111 725 1161 785 die

152 819 244 888 captae
264 810 464 889 possessionis.
477 810 509 868 ld
525 807 596 869 verb
611 808 635 869 si
659 826 695 868 ex
717 808 848 887 legitimo
869 808 1080 886 impedimento
1097 827 1159 868 non

150 893 264 974 possint
285 911 405 972 perse,
422 899 562 952 tenentur
584 911 638 970 per
655 892 775 952 numios
798 895 1002 969 praestaretis
1022 893 1052 951 in
1075 892 1159 953 llullai

152 975 240 1053 Quod
250 977 361 1036 Sancto
374 995 406 1036 n.
419 977 486 1035 Vll.
503 977 533 1035 Si
550 974 621 1037 verb
641 985 710 1036 ante
723 975 951 1054 publicationem
964 973 1052 1051 hujus
1068 977 1161 1036 bullae

148 1063 272 1139 signatae
288 1080 358 1121 anu.
373 1063 460 1121 itta.
470 1061 518 1120 die
533 1078 613 1120 nono
627 1062 693 1120 Kal.
711 1061 847 1120 Decemb.
859 1061 1071 1139 possessiouem
1083 1063 1162 1140 paci·

94 1167 96 1173 ¹
150 1146 235 1206 sicam
260 1146 379 1206 illarum
400 1146 592 1205 Ecclesiarum
606 1144 669 1221 jam
694 1142 880 1220 habuissent,
901 1146 1160 1218 intraannum,si

139 1230 260 1296 ‚tuerint
274 1230 305 1289 in
319 1229 403 1288 ltalia
419 1238 449 1288 et
467 1230 588 1304 insulis3
615 1229 693 1288 intra
714 1229 868 1288 biennium
885 1227 956 1288 verb
977 1228 1001 1288 si
1026 1228 1160 1301 exarat

148 1313 199 1373 die
210 1314 276 1374 latae
289 1314 507 1374 constitutionis
527 1323 741 1373 tenentuream
753 1315 925 1373 relationem
939 1314 1056 1374 mittere
1068 1335 1077 1389 3
1088 1315 1160 1375 dein

149 1399 274 1477 singulis
287 1398 423 1458 trienniis
439 1398 475 1458 ad
491 1397 592 1458 limina
604 1416 634 1457 se
649 1399 791 1457 conterre.
809 1400 875 1457 llaec
889 1398 987 1458 omnia
999 1400 1022 1456 si
1037 1409 1161 1476 practer-

151 1483 308 1554 miserint,
321 1483 385 1561 ipso
404 1484 479 1543 tacto
500 1482 537 1542 ab
561 1484 694 1561 ingressu
714 1483 849 1542 Ecclesiae
867 1483 1057 1543 interdictum
1071 1494 1101 1544 et
1120 1484 1161 1545 ab

151 1565 406 1627 administratione
419 1577 478 1627 tam
494 1568 694 1645 spiritualium
711 1565 799 1645 quim
815 1567 1021 1644 temporalium
1035 1586 1160 1646 suspen-

151 1650 264 1711 sionem
280 1652 456 1723 ineurrunt,
480 1659 545 1710 tum
564 1652 653 1710 etiam
668 1652 857 1729 perceptione
868 1651 1018 1710 fruetuum
1038 1652 1161 1728 privan-

151 1740 222 1793 tur:
235 1735 286 1812 qui
298 1734 410 1795 tructus
427 1736 531 1795 cedant
545 1736 686 1814 Episcopo
698 1735 834 1795 viciniori
849 1733 880 1794 in
902 1751 999 1795 saeros
1012 1752 1080 1794 usus
1091 1733 1160 1814 ejus

152 1817 277 1878 arbitrio
296 1819 449 1897 erogandi.
462 1819 538 1879 lbid.
552 1838 583 1879 a.
596 1822 626 1879 a.

532 1988 650 2047 actus
665 1988 777 2047 F-lDlll.

188 2157 275 2216 dctus
287 2153 355 2213 tidei
365 2153 519 2215 nondebet
530 2153 779 2231 comprehendere
788 2155 903 2217 tantum
918 2157 949 2215 in
958 2173 1065 2236 genere
1074 2158 1162 2235 quid·

150 2240 223 2317 quid
237 2238 308 2298 iales
322 2238 432 2308 dietat,
454 2238 503 2297 sed
520 2238 629 2297 debent
643 2242 732 2299 etiam
749 2241 829 2302 credi
852 2242 989 2320 explicite
1000 2262 1033 2304 eu
1045 2251 1160 2322 myste-

45 2323 51 2333 '
150 2324 214 2396 ria,
229 2342 294 2402 quae
306 2322 380 2382 seire
392 2322 511 2382 debent.
523 2324 601 2383 lost.
614 2321 694 2383 Ecel.
709 2326 757 2385 72.

530 2493 766 2553 ADVOCATUS.

189 2662 354 2739 Rescripta,
370 2670 400 2722 ct
416 2662 516 2721 brevia
533 2680 586 2741 pro
600 2661 761 2736 exercendo
772 2662 903 2725 advocati
915 2682 1040 2726 munere
1054 2682 1160 2727 mona-

149 2744 228 2816 cbis,
250 2749 339 2807 etiam
356 2749 502 2808 canonicis
516 2749 722 2825 regularibus,
744 2767 905 2828 numquam
920 2752 1156 2823 conceduntur,
1211 2811 1218 2817 ,

148 2830 228 2907 quod
246 2832 395 2891 conlorme
417 2842 459 2891 est
472 2833 598 2911 canani,
612 2834 661 2892 Ea
672 2841 756 2913 purte
772 2837 844 2907 istd,
859 2834 895 2894 de
909 2835 1095 2913 postulando.
1107 2836 1157 2895 De

85 2953 86 2956 =
148 2914 655 2998 syourac.lasciuum,
1093 2975 1095 2982 .

186 3001 380 3060 Saecularibus
395 3000 466 3062 verb
480 2994 612 3074 clericis,
626 3004 716 3062 etiam
730 3003 929 3078 beneficiatis,
945 3004 1010 3066 talm
1024 3015 1054 3066 et
1066 3007 1169 3086 saeris,

148 3083 302 3145 ordinibus
325 3085 448 3144 initiatis
465 3085 653 3157 conceditur,
675 3096 709 3147 ut
728 3087 932 3150 advocaturam
951 3097 1104 3149 exerceant
1121 3090 1157 3152 iu

146 3168 346 3228 tribunalibus
359 3168 576 3235 ecelesiasticis,
592 3170 623 3228 in
647 3171 811 3247 laicalibus,
825 3181 856 3232 et
868 3191 966 3233 eoram
981 3171 1081 3248 judice
1100 3191 1157 3233 sae·

147 3251 260 3318 calari,
279 3250 347 3311 euin
368 3253 494 3327 agitatur
514 3270 597 3310 eausa
622 3255 741 3330 propria
765 3255 916 3332 ipsorum,
945 3256 992 3315 vel
1019 3256 1157 3319 Ecclesia

146 3351 222 3401 suae,
238 3336 284 3393 rel
308 3336 521 3395 miserabilium
541 3354 746 3413 personarum.
757 3339 942 3417 Qiiamquam
956 3340 988 3398 in
1010 3340 1156 3401 Brevibus

147 3414 240 3475 libcrd
251 3419 422 3479 conceditur
440 3419 582 3479 sacerdoti
601 3421 731 3480 saeculari
747 3423 868 3500 pauperi
881 3466 889 3493 ,
903 3432 937 3482 ut
950 3423 1042 3484 libere
1054 3443 1156 3486 causas
1196 3489 1198 3496 ,

147 3499 246 3557 civiles
259 3511 288 3560 et
302 3504 468 3563 criminales
482 3514 563 3583 agat,
588 3504 751 3566 dummodd
770 3507 801 3565 in
814 3509 1017 3569 criminalibus
1027 3517 1157 3571 tantum-

140 3580 235 3640 nram
248 3585 306 3646 reis
317 3589 520 3660 patrocinetur
532 3610 541 3667 3
552 3590 625 3667 quin
641 3597 673 3649 et
682 3588 794 3651 tamdiu
807 3608 916 3651 ananus
928 3592 1002 3654 illud
1015 3610 1155 3672 exercere
