2642 4167
174 157 238 221 tta.
364 197 378 229 ,-
459 158 571 221 Pousis
586 156 769 240 confessarii.
787 160 857 242 Cup.
871 159 900 225 tt.
961 204 965 215 .

174 260 428 339 agnoscat-Atque
447 256 496 322 hle
511 268 573 332 est,
586 261 637 323 ubi
659 262 757 333 anima
772 279 804 322 se
826 263 920 325 cernit
935 261 966 323 in
979 260 1103 340 quodam
1119 268 1178 324 ter·

174 344 303 405 ribiliori
323 345 449 422 agonia3
473 362 543 406 nam
563 345 617 405 etsi
637 353 711 407 tune
729 347 791 425 ipsa
815 346 855 406 sit
875 345 966 424 magis
985 345 1179 407 determinata

174 429 211 491 od
230 446 262 489 sc
284 429 461 491 vincendum
477 430 510 490 in
527 429 665 490 omnibus
677 475 686 500 ‚
700 439 729 493 et
743 433 836 509 magis
855 439 967 493 attenta
983 432 1019 490 ad
1032 434 1095 491 Deo
1117 434 1181 512 pla·

175 513 320 589 cendum,
335 512 528 583 nibilominus
538 514 596 593 qub
606 515 698 593 magis
709 517 839 594 agnoseit
851 534 917 575 suas
928 516 1179 595 imperfectiones,

174 596 211 661 eb
228 598 285 659 sibi
305 598 423 659 videtur
443 596 539 659 allec
556 599 676 678 expulsa
689 641 697 669 ,
712 609 800 679 atque
816 600 953 664 derelicta
970 610 1119 679 tamquam
1133 604 1181 663 in·

175 691 258 759 grata
270 682 420 744 benefieiis
433 683 577 762 acceptis:
591 680 652 744 imo
663 683 764 762 etipsa
773 683 935 761 spiritualia
949 685 1084 767 exercitia
1094 730 1103 757 ,
1114 706 1181 766 qum
1230 714 1235 718 ·

91 772 93 775 ’
174 767 304 846 peragit,
325 775 359 828 ut
381 775 451 828 suot
467 767 630 839 orationes,
652 769 892 840 communiones,
918 769 1180 837 mortificationes.

174 868 240 912 eam
260 852 352 930 magis
367 852 542 914 contristant
551 873 564 928 3>
574 869 644 913 nam
664 849 731 913 clim
749 870 782 911 ea
798 852 898 913 omnia
916 871 976 913 non
997 853 1060 913 sine
1073 872 1184 936 magno

175 934 265 997 taedio
284 945 314 997 et
332 954 417 1014 poena
442 935 592 1014 perficiat,
612 934 706 999 credit
726 936 826 999 omnia
849 935 938 1015 digna
955 937 1126 1017 suppliciis,
1149 949 1185 998 ct

176 1036 208 1080 se
222 1021 284 1080 Deo
303 1020 503 1083 odibiliorem.
518 1020 597 1094 Quin
612 1021 763 1097 multoties
781 1021 887 1080 animoa
901 1020 959 1081 illae
974 1022 1112 1083 videntur
1123 1025 1184 1084 sibi

175 1103 364 1183 summopere
381 1105 475 1165 odisse
492 1106 609 1177 Deum,
628 1123 718 1183 quam
741 1104 780 1165 ob
805 1123 922 1165 eausam
946 1107 1024 1165 Deus
1048 1124 1096 1166 eas
1116 1103 1185 1185 jani

176 1188 383 1265 reprobaverit
402 1199 544 1268 tanquam
562 1190 617 1265 sibi
636 1190 769 1250 inimicas
781 1212 790 1267 3
804 1190 835 1250 et
857 1189 953 1265 adliue
972 1192 1003 1251 in
1021 1193 1082 1251 vita
1095 1193 1186 1252 laeiait
1218 1242 1220 1244 ,

175 1273 234 1333 illis
246 1274 374 1352 experiri
392 1274 598 1335 damnatorum
617 1292 718 1352 poenas
732 1285 781 1345 ,et
803 1275 936 1334 divinam
949 1275 1183 1337 derelictionem.

175 1357 213 1417 Et
224 1357 382 1435 aliquando
396 1359 474 1418 Deus
485 1360 648 1437 permittit,
663 1367 697 1419 ut
708 1357 878 1436 hujusmodi
888 1359 1080 1421 desolationes
1089 1362 1186 1421 comi·

172 1450 275 1502 tentor
291 1445 372 1504 mille
391 1443 456 1504 aliae
476 1444 667 1515 tentationes,
684 1442 719 1504 dt
737 1454 835 1505 motus
852 1445 1048 1521 impuritatis,
1063 1446 1204 1507 bacun--

172 1527 247 1596 dias,
263 1525 469 1607 blasphemie,
485 1528 718 1599 incredulitatis,
733 1537 762 1588 et
773 1530 936 1605 praesertim
949 1528 1181 1607 desperationisz

172 1610 215 1671 ita
232 1621 262 1669 ut
283 1613 396 1672 misoroe
414 1613 444 1670 in
469 1631 573 1691 magna
593 1614 644 1673 illa
663 1611 860 1685 obscuritate,
881 1621 911 1672 et
930 1613 1101 1674 contusione
1118 1634 1185 1677 non

172 1694 301 1756 volentes
315 1696 480 1757 discerncre
498 1697 694 1757 resistentiam
707 1697 884 1766 uoluntatis,
899 1696 976 1774 (que
993 1696 1095 1757 revera
1108 1707 1185 1763 tunc

172 1778 275 1852 adest,
289 1780 338 1840 sed
362 1782 432 1858 ipsis
453 1789 497 1840 est
517 1781 647 1854 occulta,
663 1787 716 1842 aut
734 1780 837 1840 saltem
861 1778 951 1843 dubia
967 1781 1081 1849 ratione
1101 1800 1185 1860 prm,

172 1864 274 1922 sertim
294 1863 494 1942 tenebrarum)
509 1864 632 1924 timeant
646 1882 677 1925 se
685 1866 748 1941 jam
759 1864 952 1938 consensisse,
970 1874 1001 1926 et
1015 1865 1081 1926 ideb
1094 1865 1182 1926 tantb

172 1947 263 2025 magii
292 1949 458 2008 existimant
470 1966 501 2008 se
520 1947 702 2009 derelictasa
716 1950 788 2010 Deo.

211 2033 278 2092 ost.
294 2028 344 2092 tlic
362 2049 433 2110 ergo
455 2031 646 2093 confessarius
666 2033 785 2112 quando
804 2033 830 2092 ei
851 2032 948 2111 aliqua
967 2050 1003 2093 ex
1023 2033 1182 2099 animabus

171 2114 233 2175 istis
251 2118 397 2188 occurrit,
411 2135 477 2195 quaa
490 2115 552 2193 jam
564 2134 618 2195 per
627 2119 836 2197 perlectionem
848 2117 1055 2200 progreditur3
1066 2126 1096 2177 et
1110 2137 1183 2197 opr-

171 2208 261 2261 nntur
277 2218 308 2260 so
326 2199 514 2277 derelictam,
529 2200 561 2261 in
574 2202 680 2278 primis
692 2220 751 2261 noo
768 2210 915 2265 terreatur
933 2200 1061 2267 videndo
1071 2202 1183 2263 motu,

169 2282 283 2344 sionem
301 2282 392 2357 bone,
408 2294 439 2343 et
456 2283 602 2347 audiendo
621 2294 666 2345 tot
682 2285 881 2364 expressiones
897 2284 1012 2344 timoris
1024 2294 1054 2345 et
1071 2284 1181 2362 dcspc,

170 2368 311 2443 rationis3
324 2386 377 2431 nee
393 2386 424 2429 se
435 2369 570 2430 ostendat
586 2369 725 2429 timidum
737 2380 790 2429 aut
801 2370 862 2432 ullo
876 2367 964 2428 modo
977 2367 1178 2440 haesitantem,

169 2453 221 2513 sed
238 2455 365 2514 viriliter
375 2473 444 2515 eam·
453 2456 598 2517 confortet
611 2455 647 2516 ad
661 2453 735 2518 nihil
748 2455 915 2515 timendum
929 2475 938 2517 a
952 2464 1025 2515 eteo
1039 2463 1180 2533 temporo

168 2535 236 2619 plds
249 2537 339 2617 quim
357 2537 429 2603 aliis
442 2541 553 2600 animet
573 2539 610 2619 ad
627 2538 836 2605 confidendum
849 2539 970 2610 inDeo,
986 2539 1111 2599 recitans
1127 2540 1177 2605 illi

167 2642 202 2684 eu
219 2622 307 2683 verbo
319 2665 328 2699 ,
342 2642 408 2701 quaa
421 2624 565 2687 Dominus
576 2624 647 2685 dicit
656 2625 689 2685 S.
704 2621 846 2687 Tberesiae
855 2667 863 2695 ‚
872 2622 952 2701 qubd
964 2624 1075 2684 scilicet
1084 2642 1179 2690 nemo

168 2708 265 2768 Deum
286 2709 397 2768 amittit
418 2707 527 2787 absque
544 2726 580 2768 eo
600 2707 680 2786 qubd
699 2716 853 2786 cognoscat
872 2706 1028 2767 amittere.⁴
1041 2708 1126 2769 Dicat
1146 2710 1176 2769 ei
1226 2712 1233 2721 “
1306 2690 1307 2701 ¹

169 2809 272 2852 ornnes
282 2791 345 2851 illus
352 2794 550 2871 suggestiones
563 2791 810 2870 blasphemiarum
821 2791 1064 2863 ,incredulitatis,
1073 2791 1178 2869 impu-

168 2876 266 2936 ritatis
280 2919 288 2948 ,
305 2885 334 2935 et
353 2875 565 2954 desperationis
577 2894 638 2937 nou
654 2894 717 2939 esse
731 2893 906 2948 consensus,
918 2876 967 2936 sed
981 2893 1096 2954 poenas,
1105 2893 1176 2951 quac

167 2961 192 3021 si
213 2977 290 3023 currav
305 2959 503 3038 resignatione
534 2960 720 3033 tolerentur,
747 2963 876 3020 animam
904 2960 997 3037 magis
1021 2960 1175 3036 magisque

167 3046 230 3107 lieo
240 3042 434 3123 conjungunt.
449 3043 578 3117 Dicant
592 3048 654 3108 Deo
665 3063 818 3124 nunquam
828 3043 895 3104 odio
907 3042 1009 3104 baberi
1019 3045 1149 3106 animam
1163 3088 1172 3116 ,

165 3127 257 3207 iqua
276 3138 408 3199 amatur,
429 3137 459 3189 et
482 3147 548 3207 quoe
568 3129 654 3191 bonae
669 3139 714 3190 est
735 3129 908 3207 uoluntatis.
932 3128 1049 3204 Addat,
1072 3128 1174 3191 Deum

164 3214 207 3274 itu
226 3232 258 3272 se
274 3231 376 3292 gerere
394 3230 463 3273 eum
476 3213 630 3274 animabus
648 3213 712 3275 ise
727 3214 819 3292 magis
832 3213 957 3273 dilectis.
970 3209 1173 3281 Ariditetibns

166 3306 197 3359 et
214 3298 427 3362 tentationibus
443 3296 569 3376 (dicebat
580 3300 613 3360 S.
632 3296 782 3377 Tberesie)
797 3298 903 3376 probat
919 3299 997 3358 Deus
1008 3314 1077 3357 suos
1092 3313 1175 3355 anaai-

165 3387 255 3442 tores.
269 3381 407 3454 Quamvis
425 3382 545 3442 ariditas
560 3382 622 3444 tota
639 3383 701 3444 vitai
723 3382 883 3461 perduret,
897 3381 996 3448 anima
1008 3397 1068 3440 non
1081 3381 1173 3441 omit·
1224 3398 1227 3401 ’
1301 3437 1307 3450 ,

163 3470 210 3523 tat
237 3465 420 3541 orationem,
441 3467 542 3527 veniet
563 3475 680 3544 tempus
710 3466 890 3546 quaomnia
911 3466 938 3526 ei
956 3462 1168 3546 persolventur,

164 3544 191 3607 .0
210 3542 299 3623 quta
316 3546 470 3630 pulchram
485 3567 540 3633 pro
557 3552 656 3615 anima
672 3550 799 3619 desolata
812 3549 1003 3618 sententiam!
1028 3549 1170 3614 Hortatur
