2642 4167
365 208 368 213 2
391 182 441 240 Ex
448 178 583 259 operibus
595 178 800 241 Benedictisl'l
805 183 839 243 V.
1060 183 1117 244 515

113 301 169 342 aon
196 282 235 342 sit
259 282 379 342 laturus
404 280 538 359 Episcopi
563 299 712 362 accessus,
740 289 796 341 etc.
823 283 865 341 lta
898 282 930 342 in
956 279 1036 343 bullo
1062 299 1116 360 pro

114 364 230 440 Cophtis
241 370 328 426 Anno
338 370 463 423 vertente
477 408 485 431 ,
499 365 578 424 etde
592 365 702 444 Synod.
719 365 810 424 Dioec.
823 367 842 424 l.
857 367 885 425 7.
898 366 961 445 cap.
981 366 1027 426 to.
1041 384 1070 423 n.
1085 368 1114 424 a.

148 449 386 508 Confirmatiouis
412 447 548 508 minister
570 449 737 508 ordinarius
756 459 800 508 est
815 451 996 528 Episcopus,
1021 457 1116 508 extra·

112 532 276 592 ordinarius
300 531 371 592 verli
393 530 430 591 de
452 532 600 592 Pontinus
621 531 759 592 mandato
772 532 1037 610 sacerdosquilihet
1055 552 1117 594 esse

111 627 227 694 potest,
247 616 326 694 quod
343 614 430 675 hodie
447 626 560 676 certam
584 626 646 687 est,
665 617 733 677 licet
752 618 823 677 olim
841 617 975 677 doctores
996 619 1115 697 quidam

111 702 321 761 dubitaverint.
346 703 388 760 Dc
411 704 483 780 Syn.
508 703 599 762 Dioee.
626 703 647 760 l.
669 703 699 762 7.
719 723 744 761 e.
769 705 799 763 7.
815 721 868 780 ρει·
888 712 992 762 tutum.
1019 705 1116 762 Utitur

110 796 207 846 tamen
231 785 353 862 simplex
369 785 502 844 sacerdos
525 783 682 846 chrismate
707 786 744 845 ah
770 787 912 864 Episcopo
939 787 1114 861 benedicto,

109 887 286 947 quamquam
301 870 510 947 proliabilisest
528 887 630 929 eorum
646 871 827 948 opinio‚qui
851 880 972 938 tenent,
991 869 1116 930 chrisma

108 953 196 1032 illud
211 972 246 1013 ex
267 955 471 1013 commissione
493 954 606 1012 Summi
628 954 777 1014 Pontificis
803 954 933 1014 benedici
952 953 968 1014 h
990 955 1115 1031 simplici

108 1038 281 1116 presbytero
300 1055 383 1114 posse
397 1074 405 1109 s
418 1056 472 1097 neo
492 1037 618 1119 desunt,
641 1057 707 1096 rara
720 1039 858 1116 quidem.
879 1040 1022 1115 exempla.
1038 1038 1113 1098 lhid.

108 1139 136 1179 c.
148 1123 179 1180 8.
193 1131 361 1200 pertotum.
377 1121 521 1182 Caetcrhm
544 1122 702 1181 tenendum
720 1133 781 1194 est,
799 1123 912 1195 irritam
927 1126 989 1182 lore
1009 1122 1116 1184 coufir-

107 1206 269 1266 mationem
285 1205 301 1264 t
319 1207 444 1283 simplici
466 1206 638 1284 presbytero
655 1206 747 1265 latino
771 1226 806 1265 ex
826 1207 886 1266 salal
911 1209 1043 1286 Episcopi
1065 1208 1117 1268 de·

108 1290 253 1368 legatione
270 1291 426 1363 collatum3
450 1308 517 1349 uam
542 1291 691 1349 Romanus
707 1292 839 1351 Pontifex
856 1309 892 1350 ex
907 1292 1117 1352 consuetudine

106 1374 138 1431 iu
160 1375 229 1434 total·
244 1376 367 1434 Ecclesid
387 1374 488 1434 Latinis
504 1374 627 1450 ¹jamdiu
647 1376 764 1452 receptat
787 1374 871 1436 tacite
892 1376 947 1435 sibi
977 1375 1051 1436 hauc
1074 1377 1117 1436 la·
1145 1448 1149 1455 ¹

106 1457 249 1516 cultatem
279 1476 442 1518 reservasse
465 1459 626 1517 censendus
651 1469 705 1520 est.
734 1461 801 1519 llaec
821 1464 910 1519 etiam
935 1461 1116 1530 reservatio,

105 1551 212 1620 utpote
222 1543 457 1621 jurisdictionem
486 1545 685 1620 restringens,
705 1545 782 1604 valet
807 1545 908 1622 utique
926 1544 962 1602 ad
982 1543 1038 1604 hoe
1050 1589 1061 1620 ,
1084 1551 1118 1604 ut

105 1625 271 1706 Episcopus
282 1630 487 1706 jurisdictione
499 1630 536 1688 ad
557 1629 751 1707 delegandum
768 1639 874 1688 eareat.
891 1629 934 1686 lb.
952 1647 978 1687 c.
994 1630 1024 1688 8.
1039 1648 1069 1689 u.
1085 1630 1116 1689 7.

144 1714 385 1775 Confirmationis
396 1724 610 1773 sacramentum
626 1732 694 1773 cum
708 1714 792 1787 oleo,
812 1723 841 1772 et
859 1712 1016 1779 chrismate
1028 1714 1117 1773 etiam

103 1798 200 1858 veteri
218 1799 264 1867 ‚si
279 1817 389 1858 norrun
408 1797 510 1858 habdri
529 1815 589 1857 uon
609 1797 721 1876 possit,
743 1797 792 1856 sed
818 1807 918 1857 tamen
940 1797 956 1857 a
976 1796 1117 1857 catholico

103 1883 249 1943 Antistite
272 1882 451 1952 benedictis,
475 1882 600 1941 conferri
625 1880 641 1941 a
667 1883 699 1940 P.
724 1882 891 1942 Guardiauo
908 1884 937 1941 S.
963 1880 1116 1958 Sepulchri

102 1966 230 2026 Ordinis
247 1967 395 2026 Illinornm
414 1965 451 2025 de
461 1966 667 2035 Obseruantia,
678 1967 701 2025 si
716 1966 842 2026 deluerit
862 1968 1021 2044 Episcopus
1033 1968 1115 2028 latini

101 2051 184 2109 vittis
206 2052 235 2108 in
259 2051 310 2110 sual
336 2049 452 2109 dioeccsi
479 2051 632 2124 residens,
662 2052 833 2111 conceditur
857 2049 874 2110 h
900 2051 1040 2117 Pontihce
1063 2071 1116 2112 suo

100 2133 196 2193 Brevi
211 2134 369 2213 incipiente
392 2133 464 2193 coin
483 2132 523 2192 ud
541 2132 775 2215 infrascriptam.
796 2135 829 2195 ld
853 2144 950 2195 tamen
968 2137 1118 2214 personale

100 2236 168 2296 csse
200 2219 389 2296 privilegium
416 2218 518 2278 datum
544 2219 713 2279 Guardiauo
739 2220 849 2297 petenti
872 2228 994 2281 constat.
1019 2223 1117 2281 Exstat

98 2302 188 2361 darilla
204 2303 235 2362 in
247 2305 323 2364 Bull.

142 2387 232 2445 ldcm
249 2391 338 2448 ctiam
361 2405 529 2448 concessum
549 2397 592 2446 cst
611 2387 626 2446 li
645 2391 675 2446 S.
693 2391 801 2466 Cougr.
823 2399 853 2448 ct
873 2390 1080 2450 confirmatum
1099 2390 1116 2449 i

97 2470 220 2532 Bened.
241 2474 330 2534 XIV.
345 2475 376 2534 in
400 2473 452 2534 sua
475 2474 691 2532 Constitutione
709 2474 795 2532 Aratio
815 2481 951 2534 ocrtentc.
979 2475 1117 2535 Praeleeto

97 2560 284 2619 hlissionum
301 2561 441 2639 AEgypE,
471 2558 564 2618 donce
592 2558 699 2634 aliquis
722 2556 881 2617 catholicus
907 2558 1065 2636 Episcopus
1085 2560 1116 2619 in

97 2644 235 2722 AEgypto
258 2642 410 2704 habeatur.

138 2726 364 2787 Confirmatioh
377 2729 478 2808 graeeis
487 2726 687 2787 sacerdotibus
696 2727 798 2786 collata
810 2728 839 2785 iu
850 2725 920 2786 loeis
932 2727 1116 2802 Graecorum,

95 2813 130 2871 in
158 2811 275 2887 qriihus
302 2831 367 2872 mos
388 2814 444 2873 iste
475 2830 536 2872 nou
561 2823 606 2872 est
636 2811 770 2888 expresse
796 2811 1014 2888 improbatush
1045 2815 1118 2875 Sede

91 2895 289 2973 apostolici,
313 2897 416 2973 valere¹
429 2896 573 2957 censenda
596 2905 694 2956 estex
723 2914 863 2956 consensu
885 2896 970 2955 tacito
986 2892 1116 2957 'Bouiani

91 2978 272 3041 Pontificis.
284 2981 326 3040 De
336 2982 407 3060 Syn.
422 2982 544 3041 Dioeces
560 2981 622 3041 1.,7.
635 2999 700 3058 cap.
715 2982 745 3040 9.
758 2991 788 3041 ει
799 2981 922 3041 Constit.
933 3000 987 3061 pro
999 2982 1117 3060 Cophtis

90 3062 278 3134 catholicis,
298 3083 363 3142 quse
379 3067 550 3125 constitutio
563 3066 669 3143 incipit
689 3062 774 3126 Aristo
789 3075 924 3126 cci'tcntc.
947 3069 980 3126 ln
1001 3069 1059 3145 qud
1075 3079 1117 3128 ta·

90 3165 173 3209 meu
195 3160 356 3209 mouentur
370 3149 496 3209 chrisma
514 3150 587 3209 illud
600 3149 833 3209 benedicendum
844 3168 905 3209 esso
914 3151 951 3210 ab
965 3153 1115 3230 Episcopo.

135 3229 250 3291 Animi
271 3231 476 3310 dispositiones
495 3233 531 3293 ed
552 3232 642 3312 digno
657 3233 859 3311 recipiendum
879 3233 935 3294 hoo
954 3252 1117 3306 sacramen·

86 3327 168 3375 tum
198 3319 516 3396 septuanginta,
536 3336 603 3395 quse
622 3318 653 3377 iu
673 3318 779 3377 adultis
799 3316 899 3378 lethali
926 3321 1050 3380 erimine
1070 3322 1116 3382 iu·

86 3399 191 3459 tectis
213 3409 401 3476 comparatur
422 3401 597 3481 plerumque
618 3419 672 3481 per
689 3412 903 3463 sacramentum
924 3405 1114 3482 penitentiae.

83 3484 175 3543 lust.
196 3481 423 3544 Eocl.ti.ir.lt.
552 3554 554 3558 ¹

131 3567 520 3709 Cor-popisdispositioues,
532 3577 701 3631 nontamen
714 3571 874 3635 necessario
884 3575 1095 3651 premittendce
1102 3623 1112 3655 ‚

136 3653 239 3712 Toni.
267 3652 309 3713 Χ.
489 3694 493 3701 -
924 3661 961 3718 27
