2642 4167
172 142 230 203 too
440 130 548 195 Procis
565 129 747 213 confessarii.
765 130 838 212 Cup.
856 128 905 189 ii.

170 242 283 303 tionem
301 237 330 300 ei
354 233 500 311 impertiri
515 252 525 309 3
542 233 611 310 qnia
628 240 723 306 tunc,
752 228 820 290 licdt
849 225 1048 291 conditionate
1069 228 1177 303 detur,
1278 215 1279 230 ¹

170 332 271 386 tamen
289 328 323 382 ut
344 317 564 378 Sacramentum
585 314 680 375 valeat
694 310 903 374 'administrari
921 310 977 372 sub
989 309 1175 383 conditione,
1279 333 1280 364 r

171 421 279 484 urgens
291 399 426 480 etgravis
436 416 520 459 causa
538 398 724 476 requiritnr3
740 395 819 456 unde
836 412 910 473 opus
926 401 971 455 ost
986 402 1042 467 ,ut
1058 397 1178 475 aliquod

170 487 301 551 notabile
321 483 464 561 temporis
488 482 617 561 spatium
634 479 834 542 intermediet.
861 476 973 540 Vertim
997 479 1030 540 in
1054 478 1111 542 hoo
1132 501 1180 543 sa·
1280 535 1281 538 ,

171 572 274 635 cordos
298 587 335 629 ex
366 565 542 628 conscientia
572 582 663 643 quam
694 562 810 624 noverit
837 561 971 633 infirmi,
994 581 1027 625 se
1051 561 1179 644 dirigere

170 655 277 729 debct3
289 669 359 713 nam
385 650 410 711 si
430 650 481 710 ille
500 648 669 709 habituatus
689 647 745 708 suit
769 647 800 705 in
820 647 918 724 pravis
936 646 1178 723 cogitationibus,

172 740 196 800 si
214 739 314 815 aliquo
331 735 454 795 vulnere
471 734 621 801 moritur,
636 738 688 791 aut
701 730 799 809 aliqud
812 730 872 791 odii
889 729 937 791 vel
950 730 1060 809 impuri
1070 734 1179 793 amoris

169 823 306 901 passione
319 828 363 879 est
373 818 522 884 irretitus,
539 817 564 876 si
584 814 741 876 infirmitas
757 823 801 875 est
817 813 905 873 nimis
923 814 1045 885 acerba,
1066 825 1096 876 et
1116 817 1179 893 ipse

172 923 232 967 non
245 902 349 964 libenti
362 902 460 963 animo
474 899 576 961 suffert
584 944 594 974 ,
609 908 681 960 tuuc
694 895 801 978 sacpids
818 896 964 958 absolutio
977 896 1045 962 deri
1062 909 1178 979 potest,

172 989 354 1057 sinautem,
370 982 476 1043 sufficit
495 991 529 1043 ut
549 983 643 1043 trium
670 987 723 1043 aut
745 989 872 1058 quatuor
892 977 1037 1041 horarum
1050 983 1180 1059 spatium

173 1068 332 1131 intercedat
360 1086 369 1126 a
395 1064 581 1143 ncqucnuus
605 1074 728 1138 tamen,
747 1063 772 1124 si
799 1061 923 1140 jamjam
950 1065 1184 1127 moriturusest.

171 1156 239 1217 Non
254 1151 306 1214 abs
330 1167 364 1211 re
387 1158 486 1209 autem
507 1148 564 1207 erit
582 1157 745 1227 egrotum,
766 1146 838 1207 dum
859 1154 959 1207 mente
980 1148 1100 1225 pollet„
1115 1170 1186 1212 mo-

174 1236 267 1308 nere,
288 1243 323 1296 ut
337 1235 361 1295 si
381 1233 463 1309 ioqui
483 1250 543 1292 non
558 1233 649 1309 possit
660 1276 670 1303 ‚
683 1233 800 1309 siguum
812 1230 933 1309 aliquod
950 1229 1180 1297 determinatum

174 1321 245 1395 det,
276 1318 349 1379 dum
376 1315 591 1382 absolutionem
624 1316 755 1393 querit,
779 1323 831 1376 aut
857 1315 932 1377 dum
962 1317 1098 1378 sacerdos
1123 1318 1181 1397 ipsi

173 1404 307 1465 conferre
318 1400 408 1473 vuit,
424 1415 462 1459 cx
484 1416 530 1478 gr.
551 1397 651 1459 oeulos
676 1396 811 1476 claudat,
836 1397 884 1461 vel
904 1408 1039 1476 reseret,
1058 1419 1181 1470 manum

175 1489 289 1559 clevet,
304 1482 720 1564 caputinclinet,etsimilia.
1069 1561 1072 1566 ξ

213 1571 282 1632 27⁷.
305 1570 441 1647 Denique
466 1565 534 1629 etim
553 1565 572 1628 d
594 1566 656 1626 vitu
676 1564 740 1644 jam
767 1566 909 1646 migrasse
926 1566 1063 1641 videtur,
1082 1578 1183 1631 caveat

177 1654 331 1724 sacerdos,
345 1669 384 1713 ne
402 1650 500 1712 statim
515 1649 566 1712 det
578 1648 668 1727 hujus
683 1650 787 1711 mortis
809 1652 950 1729 signum,
968 1669 1023 1712 neo
1036 1654 1066 1714 ei
1083 1654 1183 1714 statim
1211 1681 1213 1684 ·

178 1740 302 1810 ocutos,
318 1744 370 1796 out
385 1751 418 1795 os
434 1732 568 1812 claudat,
587 1743 640 1793 aut
653 1734 751 1795 visum
771 1733 875 1814 pannis
887 1736 1058 1813 coiiperiat3
1077 1737 1182 1815 quiesi
1286 1775 1287 1780 κ

176 1823 312 1886 nondtim
324 1828 460 1881 mortuus
480 1830 574 1892 esset,
596 1818 663 1879 fieri
676 1828 795 1898 posset,
817 1828 852 1880 ut
864 1838 944 1880 mors
955 1822 1180 1882 accelerareturc
1287 1877 1288 1900 ,

175 1906 252 1968 (idm
272 1913 371 1967 autem
389 1901 470 1964 certd
492 1903 547 1962 scit
559 1903 689 1963 enimam
697 1900 762 1980 jam
774 1901 811 1964 ad
826 1904 1022 1964 eternitatem
1030 1906 1181 1981 migrasse,
1287 1945 1288 1948 κ

175 1993 415 2057 circumstantes,
429 1994 468 2045 ut
480 2003 536 2064 pro
547 1987 600 2046 illo
614 1994 722 2059 orent,
739 1994 876 2060 moneat,
892 1996 923 2048 et
937 1989 1000 2065 ipse
1012 1987 1097 2050 flexis
1106 1989 1183 2067 geni·

176 2073 232 2133 bus
247 2073 326 2132 dicat
341 2069 508 2133 orationem
526 2089 535 2129 c
556 2067 733 2148 Subvenite,
749 2076 804 2133 eto.
823 2070 902 2132 utin
921 2072 1056 2145 ltituali,
1076 2074 1125 2134 vel
1149 2074 1181 2134 in
1288 2083 1289 2092 ¹

175 2154 335 2219 Breviorio.

174 2321 204 2404 ς.
216 2323 268 2382 vt.
283 2319 429 2402 Affectus,
447 2321 504 2401 qui
520 2321 640 2464 sucossi
656 2330 782 2402 possunt
792 2322 915 2404 odonia,
928 2330 957 2385 ot
974 2320 1182 2406 exspirationis

622 2422 747 2485 cmpmc.
1048 2427 1050 2442 ·

224 2572 293 2635 278.
312 2509 360 2637 ln
371 2577 418 2648 te,
435 2571 515 2632 Deus
528 2588 629 2644 meus,
647 2572 810 2637 infallibilis
819 2573 947 2646 veritas,
966 2570 1072 2649 eredo;
1085 2573 1118 2635 in
1132 2582 1180 2648 te,

177 2658 319 2720 immensa
337 2653 557 2727 misericordia,
580 2672 687 2735 spero;
708 2664 761 2730 to,
777 2657 893 2718 infinita
913 2656 1029 2717 bonitas
1041 2698 1051 2730 ‚
1065 2657 1162 2720 amo.'

216 2742 252 2801 in
265 2749 295 2800 to
307 2738 434 2800 Domino
446 2738 583 2817 speravi,
600 2758 662 2801 non
673 2740 835 2803 confundar
848 2741 880 2801 in
891 2749 1046 2802 eternum.

216 2822 296 2898 Quid
310 2820 386 2884 mihi
406 2828 451 2882 est
469 2823 501 2883 in
518 2823 610 2898 celo,
626 2832 657 2885 ct
674 2821 691 2885 i
711 2831 741 2886 te
754 2823 827 2903 quid
842 2823 922 2888 volui
943 2841 1033 2904 super
1048 2829 1183 2888 tetram?

177 2909 258 2969 neus
273 2904 370 2967 cordis
386 2906 445 2966 mei
459 2948 467 2978 ,
480 2913 511 2966 ct
524 2923 592 2985 pars
603 2924 668 2967 mea
681 2907 713 2967 in
724 2916 880 2969 aeteruum.

216 2989 326 3089 Amore
344 2988 453 3052 umoris
469 2988 514 3052 tui
530 2989 659 3062 moriar,
676 2990 728 3069 qui
742 3008 842 3054 amore
854 2989 964 3053 amoris
977 2990 1036 3055 moi
1047 2990 1183 3074 dignatos

178 3091 209 3137 es
220 3090 309 3136 mori.

216 3158 251 3217 in
268 3155 383 3235 paceio
402 3155 531 3236 idipsum
544 3155 710 3234 dormiam,
733 3166 764 3218 et
780 3159 973 3237 requiescam.

216 3242 295 3301 Deus
310 3258 410 3315 meus,
421 3259 460 3301 ne
470 3242 623 3319 permittas
634 3259 682 3303 me
691 3245 819 3321 separari
832 3242 897 3304 ite.
912 3241 994 3305 Nihil
1002 3240 1084 3305 aliud
1095 3243 1180 3324 quim

177 3332 209 3385 te
221 3322 447 3401 cupioBonitas
465 3324 601 3395 infinite,
622 3333 651 3384 te
675 3344 764 3396 amo,
781 3335 810 3386 te
824 3344 909 3398 amo,
922 3334 953 3386 te
966 3344 1046 3396 amo,

216 3403 285 3482 (Hic
298 3404 664 3487 animadvertendumest,
682 3416 765 3470 octus
780 3406 992 3489 frequentiores
998 3455 1010 3489 ,
1030 3409 1086 3493 qui
1094 3410 1179 3476 πτοή-

180 3484 287 3549 ouudia
298 3489 417 3569 madert
432 3487 550 3567 oeteo,
566 3506 625 3553 esse
645 3491 777 3567 omorio,
792 3499 822 3553 et
839 3488 971 3569 doloris.)
