2642 4167
197 223 254 285 llo
473 218 586 280 Pacata
601 214 784 300 confessarii.
801 225 874 306 Cap.
890 224 920 286 9.

196 326 254 398 tia,
268 332 320 388 aut
332 321 526 402 simplicitate.
535 321 565 382 Si
576 320 676 400 apertd
691 323 805 385 noterit
818 323 987 401 hujusmodi
998 328 1122 391 visiones
1135 345 1199 390 ossa

194 426 268 489 opus
281 407 459 487 phantasioe,
473 415 525 466 aut
546 405 724 467 diabolicum
742 451 750 476 ,
767 409 835 485 quia
856 409 931 472 torte
948 419 1050 472 arcent
1067 413 1197 475 animam

194 494 231 553 ab
247 493 429 564 obedientia,
443 489 629 561 humilitate,
648 498 700 550 aut
712 493 749 552 ab
763 493 819 553 alia
829 494 962 568 virtute,
979 504 1051 556 tnnc
1061 507 1198 576 patenter

194 578 221 638 ei
235 577 290 640 hoe
310 578 397 638 dieat.
411 573 525 636 sivero
542 575 574 636 id
587 576 778 638 confessarius
799 595 860 638 non
873 579 1019 641 discernat
1033 619 1042 654 ,
1058 600 1117 643 nou
1130 602 1198 644 om·

194 664 267 726 nino
284 663 401 743 expedit
412 661 614 723 indubitanter
625 680 754 723 asserere
773 664 899 725 visiones
919 665 985 726 illas
997 683 1059 727 εεεε
1070 669 1117 728 vel
1132 669 1199 729 diad

194 746 320 821 balicas,
337 749 384 809 rel
397 746 561 828 phantasias
574 790 582 818 ,
603 747 853 826 quemadmodum
865 749 961 810 soleat
974 750 1093 830 quidam
1106 753 1199 813 nimis

194 832 337 894 increduli
350 834 398 914 (ad
412 830 609 894 differentiam
633 832 758 893 aliorum
780 834 832 911 qui
855 835 944 896 nimis
961 837 1072 897 creduli
1093 854 1199 898 amnes

194 913 303 978 habent
316 928 349 978 ιιι
363 916 479 994 veras);
497 915 548 976 sed
572 915 649 979 dicat
669 918 845 994 penitenti,
872 927 907 980 ιιι
929 928 994 981 ειει
1019 922 1114 981 Deum
1136 922 1200 1001 qud

194 1019 254 1062 aon
268 999 394 1080 ampliais
406 1001 530 1061 ducatur
539 1018 593 1079 per
605 1001 667 1061 rias
676 1000 749 1062 oded
760 1002 937 1080 periculosas
947 1047 956 1076 ‚
966 1022 997 1064 se
1008 1007 1200 1085 protestando

194 1084 274 1164 qudd
287 1082 425 1164 quamdiu
439 1088 520 1145 vivet
539 1086 571 1145 in
588 1085 676 1146 terris
690 1129 699 1159 ,
711 1086 784 1147 velit
799 1088 894 1147 Deum
914 1105 1086 1168 cognoscere
1100 1089 1201 1152 saltim

194 1188 248 1249 per
261 1166 340 1232 vium
357 1171 437 1233 lidei.
454 1168 601 1231 Ceterum
622 1170 769 1243 insinuet,
783 1180 819 1232 ut
832 1189 869 1232 ex
889 1172 1053 1234 visionibus
1067 1173 1198 1248 habitis,

193 1255 240 1316 rel
255 1255 353 1328 salsis,
372 1257 419 1317 vel
434 1256 530 1326 veris,
543 1256 629 1325 illum
643 1255 785 1334 percipiat
799 1257 929 1316 fructum
943 1301 953 1332 ,
969 1259 1021 1335 qui
1042 1260 1134 1339 magis
1152 1269 1201 1322 est

193 1342 391 1413 necessarius,
411 1350 441 1409 et
458 1340 604 1420 praecipue
621 1358 652 1401 se
663 1340 742 1402 recte
757 1360 826 1401 eum
840 1344 902 1402 Deo
913 1343 1052 1420 gerendi3
1065 1345 1201 1408 itaeuim

192 1426 321 1505 agendo,
341 1440 520 1506 quamquam
538 1426 665 1487 visiones
683 1425 825 1486 fuerintir
844 1425 996 1500 daemone,
1013 1426 1130 1491 deman
1149 1449 1202 1493 re⁴

192 1510 322 1571 manebit
336 1512 444 1572 elusus.

232 1597 299 1656 lli.
311 1595 396 1671 Quod
414 1591 485 1656 verd
508 1594 545 1656 ad
561 1590 734 1657 locationem
749 1595 874 1667 attinet,
897 1592 1004 1659 locatio
1023 1612 1083 1659 esse
1101 1605 1203 1682 potest

191 1676 369 1757 sementivo,
387 1677 524 1763 [nantolis
543 1689 572 1741 et
593 1677 808 1742 substantialis.
827 1681 990 1741 Successiva
1015 1691 1060 1742 est
1079 1686 1201 1760 quanda

192 1767 290 1827 anima
313 1764 484 1827 meditando
499 1764 628 1844 aliquam
642 1767 799 1827 veritatem
816 1763 909 1837 fidei,
934 1766 1024 1827 scutit
1042 1766 1099 1827 sibi
1113 1772 1201 1848 quasi

192 1851 362 1930 responderi
382 1851 420 1911 ab
438 1852 564 1930 ipsomet
580 1868 634 1911 sua
655 1851 762 1930 spirita
777 1894 787 1924 ,
800 1850 852 1910 sed
870 1851 963 1920 veluti
982 1869 1016 1911 ae
1034 1862 1111 1915 esset
1129 1873 1201 1934 per·

192 1952 263 1996 sona
284 1944 431 1996 extranea.
447 1936 514 1994 llaee
537 1934 655 2012 quando
680 1934 772 1995 bonus
797 1934 876 2013 parit
897 1933 1201 2007 effeetus,utessent

192 2018 317 2091 amoris,
338 2026 388 2078 aut
401 2018 578 2079 humilitatis
598 2019 857 2091 extraordinariae,
880 2036 942 2079 esse
958 2027 1055 2098 potest
1073 2026 1202 2101 speciale

192 2103 246 2164 Dei
255 2103 355 2163 lamen
372 2116 380 2160 a
395 2101 446 2162 sed
460 2101 578 2179 quanda
591 2118 651 2161 non
662 2102 742 2162 ridet
754 2103 855 2182 augeri
869 2113 1040 2164 consuetum
1051 2123 1198 2182 amarem,

192 2188 334 2248 indicium
350 2195 412 2258 est,
425 2205 490 2246 eam
503 2202 566 2246 esse
583 2186 810 2266 intelligentiam
822 2189 933 2266 proprii
942 2189 1117 2251 intelleetris.
1128 2194 1202 2254 For·

190 2270 279 2333 malis
290 2281 334 2333 est
346 2271 463 2351 quando
473 2272 570 2331 anima
584 2271 773 2349 auditaliqua
784 2271 873 2332 rerba
888 2273 1030 2345 sarmata,
1045 2275 1097 2336 sed
1112 2287 1199 2337 extra

190 2376 221 2418 se
233 2378 243 2433 3
255 2366 284 2418 et
297 2366 393 2436 potest
414 2355 476 2416 hae
499 2356 611 2436 peraipi
631 2356 679 2415 vel
696 2357 817 2416 auribus
827 2401 838 2432 ,
856 2356 905 2416 vel
924 2356 1130 2436 imaginativa,
1150 2362 1199 2423 vel

191 2443 354 2503 intellectu.
372 2443 439 2502 lime
454 2484 464 2512 ‚
477 2448 511 2500 ut
523 2440 711 2501 discernatur
728 2449 831 2500 utrum
851 2441 889 2500 sit
901 2440 1019 2511 divina,
1034 2443 1080 2502 vel
1092 2443 1200 2507 diabo-

190 2528 264 2599 lica,
281 2525 415 2587 videndae
425 2528 494 2585 sunt
505 2541 552 2584 res
566 2543 638 2603 qaas
650 2524 812 2602 exprimit,
835 2530 887 2584 aut
898 2524 1043 2584 iaciendas
1055 2527 1198 2605 imponit3
1291 2568 1292 2579 a

190 2620 220 2675 at
233 2611 353 2673 allectus
366 2628 438 2689 qaas
453 2609 607 2687 relinquit.
622 2607 791 2686 Pracipud,
806 2608 831 2667 si
854 2614 899 2668 est
913 2607 1034 2680 divina,
1054 2609 1200 2688 imponit·
1290 2640 1291 2659 ι

190 2717 249 2779 que
261 2714 349 2777 opera
364 2694 531 2775 patientiae,
555 2694 685 2775 propria
703 2690 895 2769 abjectionis,
915 2701 967 2752 aut
977 2691 1103 2770 quodvis
1113 2694 1198 2759 aliud

191 2801 264 2863 opus
285 2781 455 2860 spirituale,
476 2778 626 2857 relinquet
646 2777 815 2837 facilitatem
842 2775 999 2854 quamdam
1030 2775 1068 2835 ad
1093 2781 1197 2842 omnia
1288 2784 1289 2787 ’

189 2869 361 2938 toleranda,
380 2865 418 2926 ad
438 2866 641 2945 operandum,
659 2871 690 2925 ει
714 2882 745 2924 se
762 2862 989 2924 humiliandam.
1005 2861 1198 2927 Substantia·

189 2954 227 3016 tts
249 2960 292 3014 εει
311 2949 413 3011 eadem
435 2968 468 3009 ae
483 2950 632 3023 formalis,
649 2959 680 3009 ει
695 2947 792 3010 saliam
811 2947 912 3009 differt
929 2948 961 3006 iu
977 2946 1082 3007 effectu
1097 2969 1106 3023 3
1119 2968 1198 3029 quo·

189 3040 270 3100 niam
281 3034 412 3097 lormalis
433 3040 484 3093 aut
497 3035 640 3107 instruit,
659 3043 710 3094 aut
731 3033 859 3112 imponit
875 3052 884 3107 3
902 3030 1103 3092 substantialis
1122 3035 1196 3097 verd

188 3122 247 3185 cito
261 3129 401 3200 operatur
416 3117 448 3177 id
470 3116 549 3196 qnod
571 3119 733 3199 exprimit3
749 3126 784 3178 ut
798 3134 826 3176 ε.
839 3134 866 3176 ε.
890 3117 915 3177 εἰ
935 3115 1066 3176 diceret:
1085 3111 1197 3178 Coresu-

189 3205 271 3282 lare3
288 3200 352 3266 ooli
365 3206 463 3263 timere
476 3224 486 3261 .·
498 3197 586 3282 diliqe
605 3220 671 3263 ma:
687 3202 785 3261 anima
798 3210 868 3261 tane
882 3200 914 3260 in
932 3197 1036 3259 eodem
1050 3204 1196 3279 temporis

188 3299 296 3370 puncto
309 3295 443 3348 remanet
454 3286 651 3347 consolatione
669 3286 804 3364 repleta,
823 3283 989 3362 intrepida,
1007 3292 1060 3344 aut
1084 3287 1196 3347 amoris

188 3378 256 3455 igne
277 3390 425 3432 succensa.
446 3373 514 3431 liene
538 3370 647 3431 laeutio
668 3370 781 3430 ceteris
808 3368 948 3429 omuibus
967 3377 1012 3427 est
1037 3369 1196 3449 securior3
1229 3406 1233 3414 ·

188 3457 284 3534 prima
296 3457 376 3515 enim
392 3461 436 3515 est
453 3453 657 3514 valdeiucerta
677 3451 846 3526 saecunda,
864 3452 894 3511 id
917 3460 962 3511 est
979 3451 1128 3528 formalis,
1148 3464 1195 3516 est

189 3535 317 3596 multirm
329 3546 482 3616 suspecta,
498 3537 662 3616 praesertim
682 3533 801 3615 quanda
813 3535 898 3612 jubet
913 3551 962 3594 res
981 3535 1194 3615 exequendas3

190 3618 268 3679 unde
278 3619 405 3683 director
416 3621 440 3683 si
455 3620 633 3684 observater
646 3618 864 3699 quaejubcutur
876 3635 938 3681 esse
949 3616 1194 3700 christinaepru·
