2642 4167
177 179 200 244 9
546 202 761 245 rnraonncno.

182 364 369 430 mulieribus
391 374 422 428 et
446 363 697 430 adolescentibus
712 364 795 448 saepd
812 367 954 448 versari,
977 387 1088 431 corum
1112 391 1191 435 con-

181 456 332 522 fessiones
344 456 385 520 de
400 456 438 519 iis
450 456 547 521 rebus
559 503 568 537 ,
580 455 622 521 de
639 458 756 543 quibus
769 459 963 542 magnopere
975 460 1188 544 crubescunt,

182 547 390 634 excipiendo,
418 549 497 634 quin
520 549 581 614 sibi
606 549 728 635 aliquid
747 548 856 613 damni
878 553 1020 616 evenisse
1041 556 1186 617 sentiat:

181 661 255 707 cum
276 644 419 728 personis
442 642 624 728 preclaris,
646 642 784 706 abscisso
810 644 952 707 omnium
975 646 1187 711 humanarum

179 755 289 799 rerum
308 745 474 821 respectu,
489 755 605 819 magna
618 733 804 798 fortitudine
816 737 944 798 armari.
957 736 997 799 Et
1009 785 1017 817 ,
1031 747 1067 800 ut
1080 741 1186 802 omnia

178 827 273 892 unico
286 827 385 892 verbo
398 828 609 911 complectar,
632 825 729 891 debet
754 847 822 890 esse
844 828 879 890 in
903 828 1055 892 charitate
1071 829 1182 908 dives,

177 919 211 983 in
234 919 476 983 mansuetudine
498 919 689 999 mellifluus,
715 920 749 981 in
777 917 947 1002 prudentia
973 921 1089 1004 gravis.
1114 921 1186 1001 Qua

177 1009 219 1076 do
230 1033 288 1091 re,
312 1020 349 1075 ut
368 1012 418 1075 ha
442 1032 551 1074 omnes
572 1021 679 1095 partes
693 1058 703 1091 ,
723 1020 759 1074 ut
773 1031 831 1094 par
845 1020 911 1091 est,
926 1010 1181 1097 adimpleantur,

178 1124 242 1168 non
263 1105 386 1188 uulgari
401 1123 481 1187 opus
494 1112 541 1167 est
556 1103 698 1167 bonitate
707 1150 718 1186 ,
739 1123 835 1187 quam
848 1105 933 1167 certe
954 1124 1117 1189 nunquam
1137 1128 1184 1170 as-

176 1205 327 1281 sequetur
340 1196 394 1259 ille
409 1243 417 1275 ,
434 1196 486 1259 cui
499 1194 599 1262 oratio
618 1205 744 1258 nonest
762 1195 1005 1279 perfamiliaris,
1032 1217 1091 1260 nec
1114 1218 1183 1262 me-

176 1287 287 1352 ditatio
306 1297 353 1351 est
376 1286 581 1373 quotidiana3
598 1288 716 1351 etenim
730 1288 791 1350 alia
803 1289 856 1351 via
869 1289 997 1370 lucem,
1015 1297 1047 1352 et
1067 1291 1184 1372 gratias

175 1381 251 1446 huie
264 1391 350 1445 tanto
365 1381 490 1445 muneri
502 1382 610 1467 (etiam
630 1381 707 1466 ipsis
723 1380 873 1464 angelicis
887 1383 1048 1461 humeris,
1070 1391 1107 1445 ut
1118 1379 1182 1445 dici

175 1477 277 1557 solet,
292 1473 508 1561 formidando)
519 1475 710 1539 necessarias
722 1474 866 1538 obtindre
875 1496 970 1539 nemo
984 1485 1100 1560 potest.
1116 1467 1182 1539 Sed

174 1565 380 1632 deveniamus
413 1566 454 1631 ad
479 1569 577 1631 nostri
606 1567 723 1631 laboris
757 1567 957 1646 institutum,
993 1589 1109 1652 nempe
1138 1568 1180 1632 ad

174 1661 297 1745 praxim
313 1661 525 1725 confessiones
545 1660 722 1745 excipiendi
735 1708 744 1738 ,
756 1658 797 1723 de
812 1680 874 1745 qua
886 1658 1049 1724 dumtaxat
1060 1661 1113 1724 bic
1125 1660 1182 1724 fict

173 1774 291 1817 sermo.
307 1754 346 1818 ln
367 1755 428 1818 hae
445 1752 540 1817 Praxi
551 1753 667 1816 multas
678 1750 825 1816 delibabo
838 1751 998 1817 doctrinas
1012 1752 1053 1816 ad
1068 1753 1181 1838 ipsam·

173 1854 241 1908 met
256 1855 456 1929 spectantes,
472 1843 529 1908 sed
542 1866 583 1908 ne
599 1854 743 1928 repetam
763 1865 800 1908 ea
812 1865 884 1930 quae
897 1848 932 1909 in
944 1846 1049 1928 Opere
1068 1847 1179 1908 morali

173 1935 275 2002 insilis
300 1938 475 2023 descripsi,
497 1937 550 2001 hlc
567 1938 691 2000 tantiam
713 1937 784 2023 (per
806 1938 987 2024 interjectas
1002 1939 1122 2002 litteras
1133 1938 1181 2001 in·

173 2021 327 2117 dicantes)
338 2029 495 2096 annotabo
510 2029 584 2093 'loca
605 2029 740 2112 Operis3
756 2029 797 2094 ad
809 2051 880 2116 qua
899 2033 1050 2095 lectorem
1068 2030 1180 2091 remit-

172 2130 237 2188 tam
251 2171 260 2207 ,
273 2133 312 2189 ut
327 2121 484 2209 copiosius
502 2119 662 2187 doctrinas
681 2122 877 2207 rationibus,
890 2131 923 2187 et
937 2118 1179 2186 authoritatibus

173 2215 398 2301 confirmatas,
421 2214 576 2304 perlegat.
