2642 4167
163 186 221 248 444
275 170 278 177 ’
358 185 493 268 Epiruma
507 185 647 249 doctrino
657 185 779 250 urorniis
788 188 972 252 4444444444
1003 226 1004 231 κ

199 289 302 364 Quoad
315 287 537 368 dispositionem
555 289 658 367 capitis
670 290 745 351 Cum
757 306 847 368 44444,
869 308 930 353 444
943 288 1051 353 suflicit
1068 292 1166 357 sisini

159 372 219 434 444
241 373 289 434 444
311 383 371 434 4444
387 382 493 444 444444,
516 382 546 434 44
565 373 642 434 ahsit
667 372 835 452 parochus,
857 373 926 436 crim
946 376 979 446 44
1000 394 1111 439 conone
1125 380 1166 439 sit

158 473 259 519 444444
279 454 445 538 presbytero
457 474 521 518 suo.
536 458 596 518 Nec
614 458 723 519 44444444
741 460 766 520 si
787 457 933 520 4444444444
948 458 1069 538 parochi
1094 480 1166 542 sup»

157 539 238 621 pleat
262 541 450 620 eapeiionus3
465 541 540 601 44444
558 558 655 619 neque
668 542 694 602 si
716 543 902 619 presentiam
924 552 1043 620 prostes
1053 546 1166 606 444444·

157 624 252 685 444444
273 624 451 685 4444444444.
471 623 599 686 Dumium
625 634 713 686 testes
730 626 852 687 musculi
870 627 1088 704 requiruntur,
1109 632 1164 690 nec

157 707 286 770 44444444
304 709 414 768 444444.
441 707 568 769 14444444
588 704 668 770 44444
696 717 905 770 testamcutum
925 712 965 769 ita
987 712 1137 774 conditum
1150 707 1172 786 ,’

157 792 271 852 etiamsi
289 802 410 854 tsstctor
423 793 534 855 nonsit
549 793 584 854 44
605 803 740 856 extremo
756 793 825 854 vitre
837 792 981 872 periculo.
1004 794 1050 855 44.
1071 813 1103 856 4.
1128 796 1160 856 8.

158 876 188 933 44.
206 884 237 936 44
254 877 302 936 to.
1245 914 1249 920 ·

194 958 351 1020 Serihsndo
365 968 435 1021 sunt
447 961 654 1022 4444444444
674 959 801 1040 parocho
823 979 924 1022 coram
945 962 1163 1036 44444444,444
1230 1014 1233 1017 .

158 1051 296 1103 testatore
309 1044 536 1121 subscribenda,
552 1045 629 1106 sicut
652 1048 743 1106 etiarn
766 1044 783 1105 4
799 1043 926 1124 parocho
941 1056 971 1106 44
981 1047 1114 1107 testibus.
1130 1047 1161 1106 Si

156 1133 254 1187 444444
264 1128 392 1193 44444444
404 1128 562 1208 ignorent,
581 1128 841 1207 suthcitscripturo
856 1128 992 1207 parochi,
1005 1140 1035 1191 44
1044 1131 1161 1211 siguum

156 1213 250 1273 crucis
259 1213 435 1291 impressum
451 1214 483 1275 in
496 1213 597 1274 444444
615 1212 633 1275 4
652 1213 788 1274 hostibus.
803 1214 879 1275 lhid.
893 1233 924 1275 n.
939 1217 988 1275 44.

195 1298 238 1358 tu
251 1298 395 1376 scripturn
412 1306 621 1359 testamentum
633 1299 736 1359 4414444
760 1299 838 1360 iutro
855 1309 921 1360 octo
938 1300 1000 1358 4444
1016 1298 1161 1378 parochus

156 1397 223 1442 4444
243 1383 365 1443 testibus
378 1382 494 1444 dcisrre
508 1382 596 1443 dehct
608 1383 780 1459 tabellioni3
802 1385 870 1445 etsi
887 1384 964 1444 adsit
985 1384 1160 1462 subscriptio

156 1466 302 1527 tornatoris
315 1474 346 1526 44
361 1468 481 1528 testium
493 1511 501 1537 ,
513 1485 572 1527 non
590 1468 774 1545 requiritur,
795 1478 830 1528 44
845 1468 961 1547 singula
979 1478 1117 1528 contenta
1129 1468 1160 1528 44

156 1559 329 1612 testamento
342 1551 470 1612 44444444
482 1550 608 1612 notario.
619 1552 650 1612 Si
666 1552 748 1611 44444
758 1553 799 1612 444
811 1551 960 1613 testatoris
972 1552 1159 1631 subscriptio,

155 1644 225 1696 4444
243 1633 386 1714 parochus
400 1653 451 1696 ssu
473 1634 606 1697 44444444
623 1636 691 1697 4444
709 1652 781 1697 roco
799 1638 968 1715 exprimere
977 1636 1066 1698 dehet
1077 1636 1160 1716 qnid·

153 1719 226 1798 quid
239 1720 271 1779 44
292 1737 328 1780 44
343 1726 519 1783 testamento
543 1720 736 1798 continetur3
755 1722 834 1801 quod
855 1718 920 1781 444
941 1721 1065 1798 singuiis
1079 1722 1161 1782 testi·

154 1802 210 1863 hus
221 1802 356 1864 44444444
377 1804 577 1883 praestandum
603 1816 657 1866 ost.
674 1806 832 1884 Denique,
854 1814 886 1866 44
903 1804 1012 1884 singuli
1031 1805 1076 1866 4444
1089 1805 1162 1866 suh·

153 1887 346 1966 scrtpuonem
359 1906 442 1949 suoru
455 1897 624 1967 agnoscunt.
644 1889 690 1950 lh.
705 1907 739 1951 4.
754 1891 803 1950 44.
818 1891 877 1950 iias
894 1887 967 1951 4444
985 1905 1088 1952 omnes
1105 1890 1161 1950 de·
1283 1910 1284 1913 ¹

153 1972 313 2050 positiones
323 1972 433 2034 scrihat
446 1973 581 2052 tabellio,
603 1983 633 2035 44
639 1972 745 2053 jungat
764 1980 951 2035 testamento.

190 2054 235 2115 44
259 2056 400 2117 44444444
424 2057 515 2128 4444,
539 2076 606 2137 4444
628 2059 661 2119 44
684 2066 861 2119 testamento
884 2056 1078 2129 4444444444,
1096 2057 1160 2122 dis·

152 2139 246 2201 rustic
265 2138 384 2219 parochi
405 2148 438 2201 44
456 2142 577 2201 testium
600 2141 712 2221 apcnrh
739 2152 785 2203 444
803 2140 821 2203 4
840 2141 941 2219 judice
957 2144 1159 2221 competenti,

153 2223 238 2284 citati
261 2230 363 2305 parto,
382 2222 466 2301 cujus
490 2225 633 2296 interest,
660 2228 780 2305 excepti
804 2235 904 2286 tamen
924 2225 1157 2299 444444444444,

152 2315 187 2369 44
195 2308 317 2389 4444444,
330 2315 524 2387 testamepta,
549 2308 630 2370 44444
648 2308 722 2371 iacta
738 2309 961 2388 publicatione,
983 2309 1009 2370 44
1032 2309 1085 2371 illa
1109 2326 1160 2369 re·

153 2394 245 2471 posita
260 2393 321 2456 4444
333 2392 366 2454 44
380 2390 529 2454 44444444.
542 2393 587 2456 44.
604 2411 636 2454 4.
651 2394 700 2456 44.
1150 2430 1154 2437 ·

536 2560 633 2624 VhSA
651 2562 781 2625 844444.

58 2717 65 2727 ’
189 2736 264 2796 Vasa
291 2732 470 2795 sacrandum
496 2740 563 2794 actu
591 2733 746 2793 continent
776 2733 890 2811 corpus
912 2726 950 2794 44
977 2733 1159 2812 Sanguinem

151 2819 283 2918 christi,
311 2829 430 2899 tangere
457 2834 546 2879 nemo
567 2816 643 2878 alius
662 2814 868 2896 permittitur,
887 2818 946 2879 nisi
963 2817 1099 2884 sacerdos
1126 2828 1160 2880 44

150 2904 379 3048 ὼε,8044144148444444
408 2984 512 3046 datum
528 2993 574 3046 444
598 2985 632 3047 44
655 2938 758 3045 altoris
782 2984 948 3047 ministerio
968 2992 1090 3063 tangere
1109 3002 1159 3046 oa·

150 3071 236 3170 liconr
257 3081 287 3131 44
305 3079 441 3150 potem
459 3111 469 3143 ,
492 3069 567 3132 4444
583 3070 698 3148 Corpus
715 3077 747 3130 et
773 3069 955 3148 Sanguinem
969 3067 1080 3134 Christi
1095 3086 1159 3130 oon

149 3163 338 3319 wfflfyhhiis
363 3239 433 3307 licet
455 3245 575 3318 tangere
603 3239 675 3311 illa,
702 3236 754 3301 444
780 3245 863 3297 extra
891 3235 1092 3298 ministerium
1113 3235 1159 3297 ul·

149 3324 222 3384 44444
242 3322 321 3401 quod
350 3326 440 3385 ctiam
460 3323 639 3385 ‘extenditur
659 3322 698 3383 44
724 3338 827 3384 ornnes
854 3319 922 3381 illos
942 3362 952 3390 ,
976 3321 1029 3399 qui
1060 3319 1159 3399 primi

152 3407 285 3466 ’4444444
317 3406 425 3489 initiati
458 3416 539 3469 4444.
583 3409 652 3470 iimo
679 3407 779 3470 omniu
807 3422 844 3465 cx
875 3402 1029 3482 theologis.
1058 3403 1158 3464 444444.

149 3486 317 3548 scotusc.
339 3505 370 3547 n.
385 3490 431 3552 48.
