2642 4167
171 251 230 314 tto
367 245 654 331 Epitouredootra'aoe
667 216 983 309 litoraliactaoaom'coe

170 346 201 421 id
237 368 298 413 non
330 349 462 413 rescierit
497 359 565 425 ante
597 357 745 429 acceptam
780 344 915 408 beneficii
954 345 1174 424 possessionem.

166 433 242 495 thid.
259 453 291 496 ιι.
308 435 357 496 ts.

204 518 279 582 crim
296 517 466 599 parochiani
479 517 590 580 habent
604 516 655 597 jus
678 515 851 578 nominandi
874 514 1037 597 parasitum
1060 519 1173 579 ratione

166 603 367 674 fundationis,
383 611 454 664 tunc
471 604 596 683 singuli,
611 621 663 663 seu
684 619 796 678 mares,
811 619 861 660 scu
886 602 1031 670 immina,
1045 620 1094 662 scu
1116 604 1173 663 mi·

166 705 253 752 nores
268 688 380 750 halient
400 686 451 765 jns
466 687 639 749 nourinandi
660 687 692 746 in
710 686 868 765 capita,nt
880 704 915 746 cx
933 687 1035 747 Pitane
1051 687 1089 748 de
1102 706 1172 749 eon-

166 783 244 837 tror.
258 784 376 854 patron.
391 774 440 834 all.
455 775 522 834 l00.
540 792 572 834 ιι.
587 774 656 834 stit.
669 771 814 832 firmatur.
830 771 905 832 ibid.
920 789 951 832 rr.
968 775 1015 833 15.

204 857 408 924 Commendas,
423 859 584 935 prioratus,
599 868 688 935 atque
704 856 902 934 praeceptorias
912 855 1023 916 ordinis
1037 859 1172 919 llicroso·

166 943 302 1022 lymitani
316 938 332 1001 i
346 941 512 1000 Canonistis
528 941 649 1018 qrridem
671 948 820 1018 tamqnam
846 939 984 1000 beneficia
1008 939 1170 1013 habentur,

165 1025 197 1087 ia
215 1024 323 1102 quibus
334 1026 357 1083 si
373 1024 557 1086 intercedant
572 1043 691 1104 preces.
705 1024 872 1102 pactiones,
886 1032 916 1084 et
929 1041 1068 1096 munera,
1082 1028 1178 1087 simo·-

166 1109 216 1171 nia
234 1109 450 1170 committitur:
465 1109 496 1169 id
512 1119 610 1169 tamen
630 1117 738 1185 negant
757 1109 906 1167 communi
926 1125 1069 1171 consensu
1094 1109 1174 1172 theo·

165 1193 247 1273 logi,
266 1192 551 1265 animadvertentes,
576 1211 639 1254 non
666 1211 730 1253 esso
759 1191 818 1251 illis
841 1207 988 1252 annexum
1011 1194 1174 1272 spiritualis

165 1276 321 1339 ministerii
336 1277 527 1340 exercitium.
542 1294 638 1355 neque
650 1273 946 1336 necessarissimas
960 1277 1092 1350 clericis,
1106 1299 1171 1358 qnae

165 1360 226 1423 duo
238 1361 359 1441 exigunt
377 1361 533 1435 beneficia3
546 1379 725 1439 quamquam
743 1361 843 1437 negari
858 1378 917 1419 non
931 1371 1041 1438 potest,
1053 1381 1171 1440 gravem

166 1444 330 1507 abusumei
342 1444 372 1504 in
380 1445 609 1515 reintercedere,
617 1462 707 1523 quiem
715 1444 820 1504 tollere
829 1443 947 1505 adnisus
959 1443 1170 1511 esculanam.

166 1529 199 1590 in
218 1545 272 1589 suo
288 1529 372 1588 Brevi
387 1527 423 1587 ad
438 1545 577 1609 magnum
596 1528 767 1609 magistrum
779 1526 911 1606 ejusdem
921 1529 1054 1601 ordinis,
1070 1533 1100 1591 in
1112 1552 1170 1610 qrro

166 1612 255 1672 etiam
272 1611 398 1674 declarat
414 1613 582 1673 collationes
597 1612 682 1672 hasce
698 1611 811 1684 nullas,
823 1622 854 1672 et
870 1614 968 1673 irritas
980 1631 1043 1674 esse
1055 1623 1086 1675 et
1097 1615 1170 1677 iore.

167 1697 213 1757 De
223 1697 295 1776 Syn.
308 1695 392 1760 dioec.
407 1697 429 1760 1.
445 1698 493 1760 li.
505 1715 532 1758 c.
544 1699 573 1759 5.
588 1716 620 1758 n.
632 1699 679 1759 ts.

289 1926 292 1931 .
341 1874 598 1940 sotttctrarto
618 1877 658 1939 ΙΝ
673 1877 996 1941 courussloruuus.

205 2055 384 2117 sollicitatus
402 2053 483 2116 nulli
495 2056 559 2136 lege
571 2053 765 2134 nrolribctur,
788 2054 948 2137 quomimis
966 2068 1036 2120 ante
1056 2060 1173 2122 denun-

166 2141 318 2204 tiationem
338 2140 542 2214 coltinentis,
562 2141 647 2202 illum
663 2140 776 2203 occult&
791 2143 946 2203 adnroneat
955 2187 966 2220 ‚
981 2152 1015 2204 ut
1027 2145 1085 2205 sibi
1102 2164 1175 2224 pro-

166 2225 285 2295 videat,
303 2221 407 2301 sponte
425 2240 457 2287 se
477 2224 630 2285 ollcrendo
649 2224 805 2286 tribunali.
829 2228 959 2288 Tcoctur
978 2237 1092 2298 tamen,
1114 2232 1172 2289 etsi

167 2308 298 2373 manitus
309 2315 491 2387 compareat,
515 2318 545 2369 et
566 2308 606 2369 sit
619 2326 655 2369 ea
671 2309 858 2388 correptione
878 2310 1069 2382 emendatus,
1084 2313 1174 2374 illum

166 2396 358 2460 danarntiare,
381 2400 415 2453 ut
434 2411 471 2455 cx
498 2394 749 2475 propositionibus
768 2395 805 2455 ab
828 2390 996 2459 Alexandro
1018 2399 1090 2459 Vll.
1118 2399 1172 2459 da·

167 2481 275 2542 mnatis
290 2479 416 2541 cruitur.
429 2480 472 2539 De
482 2480 554 2558 Syn.
568 2478 654 2541 dimo.
670 2480 692 2539 1.
705 2480 736 2541 tl.
748 2499 776 2541 c.
792 2481 839 2539 1Ι.
854 2499 885 2538 ιι.
901 2481 931 2539 9.
946 2489 976 2540 et
993 2483 1041 2544 11).

205 2567 385 2642 Proeceptnm
396 2562 588 2623 denuntiandi
603 2564 791 2623 confessarios
803 2563 992 2624 sollicitantes
1004 2566 1043 2626 ad
1060 2570 1173 2647 turpia,

166 2659 197 2710 ct
214 2667 308 2728 poenae
320 2648 383 2707 alicu
396 2644 465 2706 huic
478 2648 678 2708 sollicitationi
699 2647 817 2708 indictas
837 2668 898 2709 non
919 2652 1121 2714 extenduntur
1133 2654 1171 2712 ad

166 2735 223 2796 alia
238 2731 361 2802 crimina
375 2729 391 2790 l
404 2748 437 2791 re
455 2732 580 2795 verrerci
599 2731 726 2793 diversa.
742 2730 818 2792 lbid.
834 2752 865 2792 n.
879 2735 927 2793 11.

204 2815 373 2878 Sacerdotes
388 2832 489 2875 ornnes
506 2817 595 2877 etiarn
616 2817 765 2895 regulares
776 2818 965 2881 sollicitantes
975 2819 1012 2880 nd
1030 2821 1171 2898 turpialn

165 2921 199 2965 re
214 2900 340 2962 venerei
362 2899 393 2959 in
411 2909 476 2960 actu
495 2900 683 2962 consessionis
706 2901 750 2961 rel
772 2900 835 2978 ejus
854 2903 1004 2963 occasione
1022 2913 1073 2962 snt
1094 2923 1173 2982 proe·

166 2996 266 3056 textu,
282 2984 466 3063 praaeratlas
480 3003 579 3065 poenas
593 2986 624 3044 in
633 2984 752 3045 constit.
765 2984 849 3045 Secti
861 2988 895 3046 V.
911 2996 942 3047 et
954 2986 1128 3068 Greoora'c'X
1131 2991 1169 3050 V.

165 3068 305 3134 indictas,
319 3068 574 3129 incurruntetiam
588 3079 761 3150 perpetuam
776 3069 990 3131 inhabilitatem
1002 3071 1171 3134 admissam

165 3150 379 3215 celebrandam.
392 3151 533 3230 idemque
546 3154 633 3214 etiam
649 3154 725 3213 valet
734 3165 835 3214 contra
850 3173 899 3216 cos
915 3156 1099 3227 sacerdotes,
1114 3159 1170 3234 qui

166 3237 308 3298 sacriticio
335 3238 430 3297 missae
454 3238 619 3299 abutuntur
644 3238 682 3299 ad
698 3240 858 3317 sortilegia.
880 3243 923 3299 lta
945 3258 981 3301 ex
998 3239 1117 3302 decreto
1135 3243 1170 3302 S.

99 3398 103 3401 ι
165 3325 309 3400 congreg.
323 3322 458 3398 inquisit.
472 3341 507 3381 cx
520 3323 655 3385 mandato
668 3322 777 3383 Bcaed.
786 3324 874 3385 XIV.
888 3323 922 3383 ld
934 3322 1004 3386 verd
1016 3326 1173 3387 decretum

165 3404 379 3463 catantiandum
395 3405 514 3484 publici
530 3407 602 3468 esti
616 3409 819 3488 superioribus
835 3408 1044 3488 cujuscumque
1056 3409 1172 3469 ordinis

165 3483 259 3557 palium
268 3488 363 3546 semel
374 3488 403 3547 in
415 3508 493 3551 annu
505 3492 576 3553 serii
588 3495 637 3553 vt.
651 3504 717 3571 post
729 3502 861 3554 octavam
875 3498 1023 3572 assumpt.
1038 3495 1072 3554 B.
1083 3495 1169 3555 ΜΝ.

164 3571 202 3696 ἓξ
209 3564 573 3715 ἰῦἓιιιιοῗιθᾞέἇιοὲιιιιιίνῑιιΙο
582 3577 712 3655 generali
724 3586 776 3638 aut
788 3578 971 3655 provinciali·
985 3578 1172 3656 lbmppend.
