2642 4167
170 243 229 307 too
458 240 572 305 Promo
581 237 769 322 mnieoenrii,
787 239 860 321 Cep.
873 241 904 307 9.

170 343 337 423 imponitur
360 342 513 423 Episcopis
531 387 540 414 ‚
561 349 596 401 ut
615 339 840 421 diligentissimi
863 348 1008 415 comant,
1030 355 1071 405 ne
1090 342 1179 409 olioui
1276 348 1277 355 ’

170 429 341 487 communio
354 428 535 503 denegetur,
552 426 640 486 etiam
655 423 825 502 quotidiana
837 469 846 490 ,
859 431 889 484 et
904 433 1056 505 quaeram,
1075 437 1110 487 nt
1125 446 1179 503 por

170 518 235 580 est,
257 510 288 571 in
305 510 370 570 suis
387 510 512 571 subditis
530 508 606 570 hano
620 508 699 568 aiere
720 507 918 573 devotionem.
942 511 1083 570 Fateatur
1098 510 1179 573 uttrd
1200 534 1206 543 ‘

171 592 291 671 quidam
319 595 440 671 spiritus
462 593 618 671 rigidiores
632 592 744 651 licitum
764 592 886 669 quidem
910 610 973 652 esse
996 594 1182 654 communio-

170 695 239 737 nem
262 679 489 755 quotidianam,
512 677 562 737 sed
587 676 692 735 dieunt
717 676 829 752 requiri
850 675 960 735 adhoc
981 676 1111 736 debitam
1134 678 1182 737 di-

170 761 360 836 spositionem
375 783 385 837 3
402 762 452 821 sed
466 754 541 821 seire
564 758 602 819 ab
623 759 693 836 ipsis
712 757 912 818 desideramus
928 758 1069 836 quidnam
1093 760 1182 819 intel-

171 843 264 920 ligant
273 844 328 905 hoe
342 845 462 905 nomine
472 842 573 904 debite
587 840 809 923 dispositionis?
819 843 848 900 Si
863 843 1032 921 intelligunt
1043 842 1181 916 dignam,

171 930 271 1002 eequis
288 947 418 1006 uinquam
442 928 561 988 deberet
587 924 715 1000 nmpiids
731 924 767 983 ad
784 924 996 985 Eucharistium
1019 925 1182 985 accedere?

171 1011 257 1070 Solus
274 1013 357 1072 iesus
377 1011 510 1072 Christus
522 1009 612 1088 digne
628 1009 841 1068 Eucharistiunr
860 1009 1005 1088 sumpsit,
1021 1010 1089 1087 quio
1103 1009 1183 1069 solus

144 1094 250 1153 *Deus
270 1094 359 1171 digni
381 1098 475 1155 Deum
501 1094 598 1169 potuit
626 1095 769 1173 recipere.
795 1094 825 1152 Si
855 1091 927 1153 veris
958 1094 1182 1154 convenientem

171 1177 394 1255 dispositionem
418 1179 609 1255 intelligunt,
632 1174 695 1252 jam
718 1174 853 1253 superiirs
876 1175 987 1237 dietum
1018 1186 1081 1246 est,
1102 1176 1181 1254 quod
1279 1212 1281 1214 -

171 1262 209 1321 iis
227 1263 278 1340 qui
297 1265 420 1324 actualia
454 1261 703 1340 hubentpeeeute
731 1261 881 1328 veniatis,
907 1270 959 1319 aut
984 1259 1121 1320 offertum
1145 1261 1183 1321 ad

172 1345 241 1417 itta,
260 1348 324 1407 sine
350 1347 497 1409 desiderio
516 1345 731 1408 emendationis
751 1389 759 1413 ,
781 1362 899 1422 aequum
930 1354 975 1404 est
997 1346 1182 1422 frequeniem

173 1432 413 1492 communionem
429 1427 648 1511 denegaresed
660 1431 684 1488 si
700 1439 798 1508 posteo
813 1431 972 1508 loquamur
987 1429 1025 1491 de
1039 1431 1099 1489 iilis
1111 1474 1119 1496 ,
1130 1429 1182 1508 qui

171 1514 287 1576 subiato
304 1515 366 1593 jem
389 1517 494 1578 affeetu
518 1513 664 1576 etiamad
693 1515 843 1587 venialia,
873 1524 905 1574 et
923 1516 1057 1592 superati
1076 1513 1187 1590 maJ‘ori-

171 1609 256 1679 parte
273 1619 431 1679 pravorum
459 1620 578 1661 suarum
602 1600 855 1671 inclinationum,
881 1617 1021 1677 ntugnum
1049 1616 1184 1659 commu·

172 1685 291 1745 nieundi
318 1685 497 1747 desiderium
523 1685 634 1746 hubent
649 1686 777 1761 „iuquit
803 1687 836 1745 S.
860 1682 1033 1744 Fronrimus
1054 1680 1185 1744 Solorius

172 1768 300 1846 (latrat.
316 1770 380 1832 ailo
394 1773 457 1832 nitu
471 1769 573 1845 diuotu
591 1789 617 1831 e.
634 1769 696 1848 iu.)
709 1768 788 1846 qudd
803 1768 834 1829 hi
850 1770 959 1847 ptroevio
970 1769 1016 1828 sui
1027 1769 1184 1828 directoris

172 1855 294 1915 consitio
312 1855 391 1916 recti
408 1865 529 1935 possunt
551 1855 768 1915 communicare
785 1855 929 1932 quotidie.
946 1855 982 1912 Et
998 1853 1035 1928 S.
1057 1851 1188 1914 rtrum

173 1938 307 2012 (smne
327 1938 407 2000 Dist.
426 1939 488 2017 ti.)
512 1940 598 2000 dorot
621 1939 702 2016 qudd
721 1938 839 2016 quondo
857 1939 954 1997 anima
978 1937 1075 2015 atiquo
1096 1954 1185 2014 expe·

172 2021 250 2081 ritur
271 2022 413 2084 benefido
439 2025 658 2084 communionis
677 2040 708 2082 se
727 2041 856 2083 creseere
875 2024 906 2082 in
932 2040 1033 2082 amore
1053 2021 1183 2092 divino,

173 2122 227 2165 noe
246 2107 384 2167 imminui
407 2112 601 2168 reverentiam
613 2109 643 2168 in
657 2110 877 2169 Sacramentum
892 2152 900 2178 ‚
914 2127 974 2168 nun
994 2107 1082 2168 debet
1094 2106 1186 2166 obsti·

117 2188 121 2197 ’
173 2189 277 2251 nerei
300 2195 511 2253 communione
529 2195 618 2253 etium
637 2192 831 2270 quotidiana3
850 2211 886 2252 en
911 2194 971 2271 ipsa
994 2193 1025 2251 S.
1050 2191 1186 2252 Doctoris

172 2275 260 2334 verbs
288 2295 297 2335 r
329 2276 365 2336 Si
394 2274 504 2358 oiiqutr
533 2277 716 2359 experientis
743 2276 927 2358 competisset
949 2295 986 2337 er
1009 2275 1188 2355 quotidiana

154 2359 374 2420 ‘cotttntuniane
392 2358 499 2442 nuperi
509 2360 620 2421 omorio
638 2359 803 2441 sermonen,
826 2369 854 2420 et
870 2378 931 2419 non
943 2359 1041 2421 minui
1052 2376 1186 2420 reiteren-

172 2443 265 2518 tiam,
284 2441 353 2505 toiio
369 2443 481 2506 deberet
492 2445 621 2526 quotidie
633 2447 858 2506 communicare.

211 2532 279 2590 tit.
298 2532 333 2591 Et
354 2531 488 2608 quamvis
511 2531 610 2609 aliquo
638 2530 721 2591 diei
748 2533 956 2592 communione
978 2529 1126 2591 abenndre
1144 2528 1186 2588 sit

172 2613 260 2674 otianr
285 2615 402 2687 virtus,
421 2623 519 2674 tamen
545 2616 644 2692 inquit
667 2618 711 2675 Ρ.
729 2617 867 2676 Granotu
886 2617 916 2674 in
932 2633 985 2674 suo
1004 2621 1129 2673 traetutu
1145 2613 1185 2672 de

172 2700 401 2767 communione,
422 2717 485 2758 esse
502 2717 690 2759 communem
712 2701 871 2758 lim-torum
892 2700 1085 2778 opinionem,
1102 2696 1185 2777 quot

171 2783 278 2843 metitis
292 2783 331 2842 sit
355 2783 490 2843 accedere
509 2783 640 2862 quotidie
661 2784 699 2844 ud
718 2786 957 2844 communionem
974 2783 1012 2843 ob
1025 2800 1183 2853 amorem,

171 2865 260 2945 quim
290 2866 437 2927 abstinere
464 2868 502 2927 ob
534 2871 739 2930 reverentiam.
767 2871 802 2928 Et
833 2868 889 2928 hoc
914 2868 1070 2928 confirmat
1102 2866 1184 2927 idem

173 2952 205 3009 S.
228 2949 354 3010 Thomas
372 2951 414 3029 (p.
443 2953 471 3010 5.
493 2969 544 3030 qn.
565 2952 612 3011 80.
641 2959 701 3012 ort.
726 2955 774 3013 to.
798 2951 839 3012 od
860 2952 902 3031 3.)
924 2953 1046 3012 dicensi
1062 2953 1105 3011 Et
1118 2949 1184 3011 ideo

170 3041 330 3115 ntrttmqne
354 3034 481 3115 pertinet
504 3034 546 3095 od
570 3038 761 3097 reuerentiam
798 3037 890 3118 liujus
922 3037 1103 3098 sacramenti
1114 3079 1124 3109 ‚
1153 3043 1185 3096 et

170 3117 249 3197 qnid
262 3116 391 3200 qnotidie
414 3127 552 3179 suonotnr
566 3163 574 3190 ‚
590 3129 617 3179 et
636 3120 717 3200 quid
742 3117 904 3200 aliqnando
933 3120 1119 3181 abstineretur
1117 3162 1182 3181 .....

99 3263 103 3269 ,
170 3205 262 3263 Annon
282 3212 399 3279 turonen,
414 3212 441 3263 et
462 3221 550 3283 spes,
570 3203 611 3265 at
631 3216 698 3284 (μιᾶς
717 3223 828 3286 semper
839 3204 993 3284 Scriptura
1009 3223 1064 3265 nos
1075 3222 1184 3284 provo·

51 3346 60 3357 s
168 3294 240 3358 eat,
263 3287 468 3367 proferuntur
481 3290 592 3348 timori.
610 3289 762 3350 tmdreotd
774 3292 815 3349 ait
834 3293 870 3349 P.
890 3287 1086 3359 Rammius,
1100 3286 1184 3366 qudd
1285 3296 1286 3365 3

170 3370 244 3441 iile,
268 3371 320 3446 qui
342 3373 378 3432 nd
407 3371 618 3433 Eutharistiam
643 3375 754 3435 meedit
773 3394 840 3434 cum
866 3375 1011 3435 desiderio
1034 3373 1183 3435 crescendi
1285 3372 1286 3411 ³

169 3454 325 3532 innume
347 3455 468 3531 diuino,
488 3459 578 3518 etiam
598 3461 775 3519 reverentie
791 3470 889 3519 aetum
905 3468 1020 3518 exercet
1041 3475 1110 3532 ergo
1132 3459 1184 3517 Je-

174 3552 241 3593 sum
275 3535 426 3599 Christum
455 3541 546 3603 :imo
569 3540 619 3602 hie
643 3544 713 3602 iacit
737 3551 836 3603 aetum
860 3543 1043 3622 possidium,
1065 3541 1184 3620 quando

171 3614 282 3692 illequi
297 3619 446 3698 obstinet,
462 3624 532 3686 insit
545 3626 752 3689 tantummodi
764 3629 945 3708 negativum.
961 3627 1063 3687 Plures
1078 3625 1182 3699 noeti,
