2642 4167
377 173 430 234 fia
439 171 575 254 oporibus
586 172 738 235 Benedicti
749 168 839 236 XIV.
1053 180 1109 238 547

148 274 200 348 ld,
214 271 293 353 qood
302 274 502 352 praescribitur
512 275 549 334 de
560 293 620 333 non
632 275 790 334 miscendis
800 276 939 336 carnibus
948 294 1016 337 cnm
1030 280 1113 354 pisci·

110 360 182 429 hus,
195 355 278 436 oequd
296 355 472 416 servandum
486 367 530 417 est
548 359 578 416 in
596 360 758 418 Dominicis
770 360 1013 437 Quadragesimae.
1116 394 1118 397 ·

149 445 315 520 Utrumque
332 438 388 499 boe
407 452 585 519 pracceptum
600 445 695 503 unicae
713 445 959 515 comestionum
977 445 1112 505 cavendae

110 526 297 599 admixtionis
319 528 454 586 carnium
479 544 548 585 com
577 525 705 603 piscibus
725 536 810 608 unget
834 528 923 588 etiam
944 530 976 589 io
990 529 1110 606 jejuniis

111 621 192 673 extra
206 609 470 688 Quadragesimam.
486 611 529 670 lb.

148 695 206 768 Qui
228 702 326 753 tamen
347 712 382 754 ex
398 694 615 772 dispensatione
631 704 760 757 utuntur
780 697 887 757 oviset
905 697 1078 767 lacticiniis,
1093 693 1111 753 d

110 778 238 858 piscibus
249 778 396 839 abstindre
411 796 471 838 non
486 789 633 839 tenentur.
649 779 724 838 lbid.

148 863 183 922 ln
197 862 329 939 petendis
342 860 359 922 h
380 862 521 921 Pontifice
531 863 795 939 dispensationibus
808 864 992 943 generalibus
1004 863 1021 923 h
1033 860 1112 940 jeju·

112 946 156 1008 nii
177 947 331 1024 disciplind
347 965 402 1024 pro
417 948 532 1024 oppidis
542 956 571 1006 et
581 948 774 1020 dioeeesibus,
791 961 950 1010 monentur
965 948 1111 1027 Episcopi,

110 1051 151 1094 ne
167 1033 265 1093 faciles
282 1050 314 1093 se
331 1033 499 1110 praebcant,
518 1033 568 1093 sed
588 1032 670 1111 priris
690 1035 860 1095 consulendi
873 1032 1113 1110 medicinaeperi·

110 1119 203 1180 tiores
215 1162 223 1187 ,
235 1118 415 1194 exquirendo
428 1117 467 1176 ab
486 1119 562 1188 illis,
578 1117 649 1178 ndm
675 1120 795 1178 morbus
810 1121 848 1178 sit
870 1120 1054 1188 communis,
1071 1118 1112 1176 ita

110 1211 145 1265 ut
167 1203 248 1263 nulla
269 1211 338 1263 etas
358 1203 450 1264 libera
472 1213 501 1262 et
519 1203 678 1262 incolumis
699 1221 762 1262 esse
787 1214 897 1281 qocat,
921 1204 1052 1281 adeoque
1076 1201 1116 1261 od

110 1288 366 1367 preservationem
383 1286 399 1347 h
420 1288 523 1347 morbo
536 1287 665 1347 multbm
682 1288 844 1347 conducere
856 1287 1006 1364 judicent,
1022 1289 1046 1346 si
1067 1287 1113 1346 di·

109 1374 257 1452 spensatio
273 1371 290 1432 d
304 1372 441 1432 carnibus
456 1372 647 1441 concedatur,
663 1379 734 1430 tunc
750 1371 821 1432 vero
837 1373 901 1432 illas
914 1380 1025 1449 petant.
1037 1370 1112 1441 Alia,

109 1476 178 1535 quae
190 1457 336 1517 scrvanda
355 1457 392 1515 ab
414 1455 473 1517 illis
492 1465 578 1529 sunt,
592 1455 680 1516 latios
700 1457 826 1534 explicat
846 1458 996 1534 Encyelica
1009 1453 1115 1514 Libora·

109 1539 304 1617 maniaco.
1068 1533 1071 1543 ’

150 1626 258 1686 Potum
278 1624 433 1686 chocolatis
447 1624 495 1685 dic
506 1624 612 1702 jejunii
631 1626 738 1686 tolerat
759 1625 904 1685 Pontifex.
925 1625 1021 1683 lostit.
1035 1624 1112 1684 licei·

110 1711 162 1771 lb.
177 1727 208 1768 n.
224 1711 271 1769 l0.
284 1710 342 1769 Vin
355 1720 451 1769 tanrcn
475 1711 607 1768 admittit
625 1709 767 1784 majorem
780 1707 867 1784 longe
884 1707 1043 1786 cyathum,
1060 1725 1115 1769 nee

110 1793 235 1857 omnind
249 1793 354 1854 tolerat
366 1793 471 1871 saepius
483 1795 585 1857 eddom
596 1794 644 1852 dic
658 1796 774 1852 iterare.
787 1794 864 1852 ibid.

112 1918 114 1925 ,
151 1879 240 1939 Filios
264 1895 315 1937 seu
343 1878 469 1937 famulos
488 1896 547 1937 non
571 1896 687 1938 servare
711 1877 859 1953 jejunium
882 1877 1118 1955 Quadragcsimae

108 1961 210 2041 quoad
225 1961 430 2022 abstinentiam
452 1959 469 2020 h
490 1962 644 2032 carnibus,
657 1961 693 2022 cb
712 1962 791 2039 qubd
815 1980 882 2022 cum
909 1963 1117 2039 patrefamilias

108 2046 320 2124 dispensetur,
344 2063 399 2105 neo
418 2054 514 2122 potest
537 2046 671 2106 sufficere
694 2045 861 2125 sumptibus
884 2045 1009 2124 duplicis
1032 2066 1117 2106 arrera-

104 2148 167 2205 sae,
197 2129 229 2188 id
258 2146 319 2189 non
351 2128 415 2189 sine
449 2128 576 2188 maximi
609 2130 750 2190 abusione
777 2129 992 2192 ndnaitteremn
1018 2132 1115 2191 instit.

108 2214 222 2275 Eccles.
237 2215 394 2275 immid.
591 2239 593 2243 ’

149 2306 302 2367 Benedict·
320 2306 400 2364 xiv.
412 2307 444 2367 in
458 2307 510 2365 sul
524 2307 623 2367 const.
641 2307 713 2367 Pios
727 2305 837 2368 Christi
847 2302 999 2385 fidelitati,
1013 2323 1116 2366 corace-

105 2390 157 2451 dit
173 2387 286 2450 iterim
294 2389 415 2466 singuiis
428 2391 622 2449 confratribus
641 2392 895 2450 confraternitatis
913 2393 943 2448 S.
964 2388 1063 2448 Mariae
1079 2388 1117 2448 de

104 2476 278 2544 Succursu,
299 2473 462 2533 incivitate
484 2474 585 2534 ianuae
603 2482 723 2541 erectm,
749 2472 998 2531 commorantibus
1020 2474 1050 2529 in
1068 2472 1118 2529 la·

102 2557 219 2619 nuensi
237 2555 365 2633 ditione,
389 2566 420 2618 et
443 2557 596 2632 dominio,
624 2566 654 2615 et
681 2556 899 2631 complentibus
924 2562 1115 2617 statano,seu

101 2643 160 2721 pia
180 2658 270 2719 opera
288 2641 320 2699 in
338 2641 372 2700 ed
390 2642 580 2718 praescripta,
604 2640 793 2717 privilegium
821 2639 883 2699 ovis
911 2647 941 2697 et
965 2639 1118 2697 lacticiniis

99 2724 249 2787 vescenti
267 2722 354 2784 certis
370 2723 474 2782 dicbus
486 2723 738 2802 Quadragesimac,
756 2738 863 2799 nempe
873 2721 975 2780 diebus
988 2722 1118 2780 Domini·

99 2810 176 2880 eis,
194 2806 346 2880 secundis,
363 2808 476 2877 tertiis,
490 2815 520 2866 et
537 2807 650 2885 quintis
668 2806 759 2866 feriis·
783 2807 843 2865 lfoc
860 2806 981 2882 insuper
1000 2805 1118 2883 privile·

97 2894 198 2974 glum
217 2899 302 2949 antea
320 2907 507 2960 concessum,
523 2902 659 2969 prorogat
671 2889 773 2950 eadem
786 2889 866 2948 bulla
878 2889 914 2947 ad
925 2906 1026 2948 omnes
1038 2889 1120 2947 feria·

97 2979 152 3038 les
166 2973 230 3033 dics
242 2973 477 3050 Quadragcsimae
490 2975 577 3032 ctiam
590 2974 757 3033 Dominicas
769 3017 777 3042 ,
790 2971 997 3051 comprehensi
1010 2973 1119 3048 pariter

95 3056 271 3124 Dominicd
284 3058 316 3116 in
335 3056 443 3116 Palmis
460 3064 494 3126 et
518 3055 705 3116 lfcbdomadd
719 3056 845 3133 majori,
865 3074 953 3133 quam
974 3058 1006 3114 in
1027 3055 1117 3132 priori

95 3141 272 3225 privilegio
291 3144 454 3217 occeperat.
469 3140 526 3199 Sed
539 3141 575 3199 ab
593 3139 651 3199 hdc
664 3144 849 3219 exernptione
869 3141 978 3218 excipit
997 3138 1118 3198 hrebic-
1232 3209 1236 3219 Ι

93 3229 268 3309 piscopos,
286 3223 460 3301 Episcopus,
475 3224 627 3284 inferiores
647 3225 803 3297 Praehtos,
819 3244 873 3285 nec
889 3242 949 3285 noo
963 3223 1119 3301 Regularcs

90 3327 236 3380 omnes,
253 3307 389 3385 etquond
403 3309 554 3368 saeculares
568 3309 774 3369 ecclesiasticos
789 3326 857 3382 eos,
871 3311 922 3388 qui
934 3310 971 3368 ad
985 3309 1119 3368 ordinem

89 3393 334 3480 presbyter-atita
357 3395 468 3485 fuepint
487 3395 637 3471 promoti,
652 3394 708 3452 nisi
729 3402 829 3453 tamen
850 3396 892 3454 ilfi
909 3395 1120 3472 sexagesimum

87 3477 209 3545 aetatis
219 3477 563 3554 aonamcompleverint.
572 3476 750 3536 Volttamen
760 3519 770 3550 ,
779 3485 813 3536 ut
825 3479 866 3536 illi
879 3497 980 3538 omnes
993 3479 1120 3556 exempti

89 3562 231 3649 legibus
247 3559 354 3641 jejunii
372 3562 409 3624 de
421 3562 507 3625 uniet
523 3561 700 3626 comestione
711 3560 803 3621 indie
814 3561 1016 3640 subjiciantur.
1027 3565 1121 3623 Datur
