2642 4167
204 235 247 296 40
477 229 588 295 Paucis
606 226 879 312 confutantem.
896 232 927 291 2.

206 343 348 412 erogent,
370 342 421 397 aut
443 333 544 395 missus
564 333 713 395 celebrare
732 334 849 395 saciant.
870 336 905 394 ln
924 350 960 396 eo
977 341 1048 395 casu·
1061 351 1116 413 ego
1135 334 1207 398 banc

187 491 190 495 Α
206 418 322 480 delendi
339 418 514 480 sententiam
527 416 605 496 (tit.
620 421 650 478 4.
670 436 702 477 u.
723 419 791 478 704.
810 436 839 478 a.
857 416 938 495 Quid
950 416 1005 495 si),
1018 419 1209 497 penitentem
1315 463 1316 478 .

206 500 315 566 iterdru
335 502 427 564 teneri
447 502 485 563 ud
501 500 720 562 restituendum
731 546 739 573 ,
751 502 819 580 quia
829 502 878 561 iur
890 505 921 562 in
936 503 1073 564 omnibns
1085 504 1208 574 casibus,
1224 514 1227 520 “

206 588 293 646 etiam
321 588 472 659 fortuitis,
500 587 587 647 debet
610 587 734 646 reddere
758 587 914 647 dominum
944 588 1131 661 indemnem,
1158 608 1210 651 nce
1246 635 1252 642 .

205 673 386 749 acquiescere
406 672 488 749 potui
512 674 644 749 opinioni
668 671 806 731 adversm.
832 673 898 732 Dixi
920 673 1063 733 duntaxat
1081 672 1155 751 (tit.
1177 679 1207 734 4.

204 773 287 816 ιιιιιιι.
300 758 367 818 554.
383 756 440 830 Qu.
455 755 515 833 ΙΙ.)
532 754 611 833 qudd
627 755 652 816 si
672 755 751 814 furta
770 765 865 816 essent
887 758 1019 827 minuta,
1033 755 1102 818 lieet
1122 759 1210 818 simul

205 839 286 900 unita
308 841 344 902 ad
364 857 501 918 magnam
526 857 673 899 summam
691 839 887 913 advenerint,
911 849 941 901 et
961 843 1075 902 etiamsi
1095 841 1209 901 domini

204 934 300 986 essent
319 924 411 991 certi,
431 922 482 983 scd
506 923 637 995 ‹livccst,
662 933 733 984 turae
759 944 927 986 excusarem
948 926 965 987 a
988 936 1105 1005 peccato
1126 928 1210 1005 gratari

204 1026 273 1068 eum
286 1009 337 1086 qui
353 1008 442 1068 vellet
464 1009 622 1068 restituere
640 1010 841 1087 pauperibus,
864 1019 985 1089 propter
1002 1011 1148 1072 rationem
1168 1009 1211 1069 ibi

183 1094 340 1168 ‚allatam3
361 1101 391 1152 et
416 1093 505 1152 etiam
525 1091 683 1165 dvonisii,
704 1094 728 1153 si
759 1095 944 1155 rationabilis
964 1114 1048 1156 causa
1075 1096 1210 1164 adesset,

203 1188 293 1257 prout
314 1179 338 1237 si
356 1178 502 1239 restitutio
520 1176 584 1236 fieri
606 1195 666 1238 non
689 1186 786 1256 posset
805 1178 933 1238 dominis
952 1182 1015 1241 siae
1027 1179 1211 1240 notabiliin·

203 1261 377 1332 commodo,
391 1268 443 1324 eut
456 1261 479 1322 si
497 1262 587 1338 aliqui
610 1280 753 1340 pauperes
768 1264 800 1326 in
814 1281 847 1321 ca
861 1274 956 1324 csscnt
970 1265 1160 1334 necessitate,
1180 1270 1214 1321 ut

203 1356 452 1425 praesumerentur
475 1347 589 1408 domini
609 1349 796 1416 consentire,
819 1356 852 1408 ut
875 1350 934 1407 illis
957 1350 1042 1409 fieret
1062 1348 1212 1408 restitutio

203 1427 237 1510 (l.
250 1450 274 1492 e.
286 1450 369 1492 ιιιιιιι.
383 1432 451 1491 595.
465 1430 499 1491 ιἰι
510 1429 592 1509 litu).
607 1430 637 1489 Si
659 1432 725 1507 quis
738 1431 873 1492 fraudem
893 1434 994 1492 multis
1008 1433 1139 1504 civibus,
1159 1431 1214 1490 secl

203 1520 324 1580 incertis
337 1519 440 1578 lecerit
455 1534 508 1595 per
527 1518 605 1576 lucta
622 1518 737 1578 minuta
749 1561 757 1589 ‚
770 1536 816 1578 cx.
838 1538 885 1595 gr.
905 1518 1059 1578 vendendo
1073 1518 1214 1588 ovinum,

202 1604 301 1666 oleum
323 1612 392 1679 etc,
415 1601 551 1663 mensurat
567 1599 716 1674 detractet,
737 1613 789 1663 aut
806 1602 936 1682 pondere
959 1604 1138 1676 imminuto,
1157 1618 1216 1678 ego

201 1688 317 1750 delendi
332 1686 426 1747 teneri
439 1687 475 1746 ad
489 1686 705 1745 restituendum
725 1688 858 1765 ipsismet
872 1689 985 1748 civibus
999 1689 1062 1765 (aut
1079 1687 1216 1763 pretium

201 1772 363 1833 minuendo
375 1815 385 1843 ,
398 1778 450 1829 aut
471 1771 585 1849 pondus
597 1772 643 1830 vel
655 1789 823 1832 mensuram
838 1772 1004 1850 augendo),
1020 1780 1050 1830 et
1068 1789 1129 1830 non
1147 1768 1216 1845 jam

201 1857 381 1936 pauperibus
405 1857 460 1915 loci
476 1899 484 1925 ,
499 1864 533 1918 ut
551 1856 600 1914 olii
614 1858 814 1934 permittunt3
831 1857 899 1917 licet
911 1902 919 1929 ,
928 1856 992 1934 jam
1015 1855 1102 1934 supra
1123 1853 1215 1926 dixi,

201 1943 225 2001 si
238 1940 416 2019 pauperibus
428 1940 529 2011 daret,
544 1958 604 1999 non
622 1950 755 2017 peccaret
779 1944 925 2018 graviter,
950 1950 980 2001 et
1000 1960 1038 1999 ne
1055 1939 1217 1998 venialiter

201 2026 322 2104 quidem
337 2068 345 2097 ‚
358 2026 382 2084 si
390 2024 470 2102 justa
478 2031 560 2085 eausa
571 2025 720 2086 accederet
730 2025 821 2102 (Do-c.
835 2046 867 2085 ιι.
880 2025 972 2104 595.)
986 2028 1016 2086 4.
1029 2022 1215 2096 Notandum,

200 2109 281 2189 qudd
294 2110 317 2168 si
329 2110 394 2186 quis
406 2127 469 2170 rem
488 2111 613 2169 alienam
631 2113 807 2186 sumpserit,
823 2119 875 2171 aut
893 2112 1035 2169 retineret
1048 2126 1116 2166 eum
1132 2125 1217 2183 prat-

199 2196 386 2272 sumptione‚
404 2193 530 2271 qudd'si
555 2193 572 2253 ia
595 2194 718 2254 domino
733 2213 798 2254 earn
821 2204 955 2273 peteret,
980 2193 1084 2253 libenti
1107 2192 1218 2261 animo

199 2299 264 2342 eant
278 2282 331 2357 ipsi
346 2280 489 2352 donaret,
503 2282 528 2340 is
541 2299 601 2341 non
615 2279 704 2340 debet
715 2282 838 2358 obligari
849 2282 885 2340 ad
899 2280 1116 2339 restitutionem
1128 2277 1215 2356 (Lib.

199 2370 230 2428 4.
240 2387 273 2426 ιι.
288 2367 356 2426 700.
369 2384 398 2425 υ.
415 2368 513 2442 Qumr.
533 2364 591 2427 hle.
609 2366 662 2444 1.).
681 2368 709 2426 5.
724 2369 827 2443 Neque
838 2367 925 2427 debet
935 2366 1058 2443 obligari
1072 2363 1108 2423 ad
1121 2365 1220 2423 resti·

200 2454 365 2523 tutionem,
385 2452 436 2528 qui
456 2452 615 2512 immernor
639 2449 731 2510 debiti
753 2470 806 2511 suo
826 2453 965 2511 creditori
986 2451 1099 2510 donum
1124 2449 1218 2509 mere

196 2540 359 2616 gratuitum
380 2536 507 2615 praebnit
520 2532 552 2614 (l.
567 2555 593 2596 c.
606 2554 638 2595 ιι.
653 2539 723 2596 700.
739 2554 767 2596 e.
788 2537 888 2611 choer.
904 2538 973 2613 ΙΙ.)
991 2538 1021 2595 a.
1037 2534 1217 2594 Adverten·
1315 2579 1316 2590 .

197 2624 268 2682 dum
282 2621 362 2700 qudd
387 2630 422 2679 ut
440 2622 585 2697 poerritens
613 2630 748 2682 teneatur
764 2620 800 2679 ad
819 2621 1035 2681 restitutionem
1048 2619 1104 2677 sub
1119 2618 1218 2695 eulpa

196 2705 277 2785 gravi
291 2749 299 2775 ,
311 2702 379 2764 edm
395 2722 442 2763 res
456 2704 550 2764 ablata
564 2702 625 2779 jam
648 2712 821 2781 consumpta
836 2714 898 2776 cst,
915 2714 945 2764 et
964 2705 1014 2763 ille
1032 2703 1122 2762 ditior
1146 2720 1219 2761 non

196 2799 241 2852 est
261 2791 375 2860 iactus,
398 2805 472 2865 opus
487 2798 532 2848 ast
545 2789 663 2865 primo,
679 2798 712 2847 ut
728 2790 924 2850 intercesserit
946 2789 1029 2867 eulpa
1043 2789 1140 2865 gravis
1163 2788 1219 2846 in-

197 2886 279 2937 terna
298 2882 401 2932 eontra
423 2871 570 2948 justitiam
583 2874 825 2933 commutativam
839 2873 916 2952 (Lib.
931 2876 959 2934 4.
971 2892 1004 2933 ιι.
1022 2872 1113 2951 550.)
1126 2874 1220 2931 Prae·
1315 2883 1316 2926 t

195 2970 274 3022 terea
295 2957 458 3033 requiritur
480 2975 515 3016 ex
527 2975 577 3017 sua
596 2968 697 3033 purte,
715 2965 749 3015 ut
761 2958 836 3016 actio
852 2967 970 3018 externa
984 2959 1064 3029 ,sive
1074 2954 1221 3017 influxus

192 3046 233 3106 sit
244 3041 345 3102 damni
358 3059 443 3099 eausa
455 3040 555 3100 efficax
570 3037 602 3120 (ἰ.
614 3060 640 3101 ι.
655 3061 687 3101 ιι.
704 3042 797 3117 584),
811 3052 841 3101 et
855 3044 993 3118 insuper,
1011 3049 1045 3100 ut
1058 3038 1221 3099 hicinssu·

164 3192 167 3200 ,
194 3146 248 3190 xus
264 3132 306 3185 sit
318 3124 481 3201 completus
499 3126 562 3186 sive
579 3127 710 3203 graviter
729 3125 858 3200 injustus
874 3125 950 3203 (tit.
965 3129 995 3186 4.
1007 3146 1038 3184 ιι.
1058 3121 1140 3199 551.)
1155 3144 1167 3199 3
1185 3136 1223 3184 ct

194 3222 228 3271 ut
243 3209 385 3270 habeatur
404 3210 525 3268 moralis
547 3211 694 3269 certitudo
713 3209 794 3286 qudd
809 3210 860 3269 ille
881 3212 946 3269 talis
961 3209 1049 3270 inerit
1069 3202 1104 3285 (i.
1121 3225 1151 3266 c.
1178 3227 1218 3268 ιι.

193 3296 287 3373 550.)
301 3297 362 3355 Hoc
375 3303 419 3355 est
434 3294 465 3354 id
479 3296 559 3372 quod
583 3295 619 3355 ad
633 3298 832 3373 acceptionem
853 3296 990 3373 pertinet.
1005 3296 1086 3355 Circa
1102 3301 1223 3357 autem

192 3380 388 3448 retentionem
417 3379 482 3450 rei,
506 3378 575 3440 crim
596 3382 741 3457 poenitens
767 3399 821 3457 pro
851 3400 882 3438 se
904 3379 992 3439 habet
1013 3377 1222 3456 probabilem
1276 3391 1280 3396 ’

191 3463 366 3539 opinionem
377 3482 445 3528 eum
466 3464 597 3542 legitima
614 3466 815 3541 possessione,
830 3484 889 3524 non
905 3472 1002 3542 potest
1022 3462 1038 3521 ia
1059 3462 1223 3522 consessa-

193 3548 241 3605 rio
252 3544 375 3621 obligari
389 3547 426 3605 ad
438 3550 655 3626 restitutionem
669 3547 744 3625 (tit.
759 3551 789 3606 l.
804 3568 836 3618 a,
851 3548 913 3625 55.)
922 3572 933 3623 ‚-
946 3546 1006 3607 imd
1020 3547 1069 3623 qui
1082 3547 1225 3625 ineoepit

191 3628 339 3704 possidere
354 3630 475 3698 inbono
491 3633 550 3693 lide
570 3634 700 3711 aliquam
717 3652 798 3705 rem,
814 3643 880 3711 post
892 3631 1078 3711 diligentiam
1093 3630 1223 3693 tractam
