2642 4167
307 216 310 225 ·
381 185 582 270 uesper-ttae
596 184 845 248 RemdietiXIl'.
1061 185 1118 246 573

112 292 168 365 aa
181 297 368 363 tenatorum
381 292 509 372 paritate
518 288 734 370 permanserit?
744 286 938 349 Tantumdem
951 288 1119 365 dicitapan·

112 404 162 446 sue.
187 379 280 442 Porrb
292 428 296 437 .
308 376 401 447 illud,
422 374 610 454 quoadusque
633 372 667 433 iu
687 376 743 434 sud
763 371 912 432 moreau
938 380 966 431 et
989 376 1119 452 puritate

112 463 328 551 permanserit,
344 461 376 520 in
392 477 478 519 sensu
492 459 717 519 Calvinistarum
731 457 851 515 denotat
871 457 969 516 virum
990 459 1129 535 accipere,

112 568 251 631 sponsam
270 549 301 606 iu
330 561 454 604 uxorem
475 542 665 619 quoadusque
686 539 865 599 adulterium
882 558 942 599 non
965 550 1119 601 contraxe-
1188 588 1189 591 ,

113 639 153 698 rit
162 681 172 712 ,
189 648 282 710 eoqtre
301 629 475 695 commisso,
488 625 640 685 vinculum
653 622 781 701 conjugii
795 625 880 684 solvi.
897 623 1051 683 Celebrant
1064 623 1120 702 igi·
1218 638 1223 647 ·

112 731 164 780 tur
181 716 244 777 bueo
260 710 397 790 conjugia
418 726 486 769 eum
506 708 675 769 conditione
695 706 829 785 oppositi
846 708 1033 784 perpetuitati
1056 726 1121 766 rna·

114 799 248 862 trimonii
262 841 270 870 ,
284 812 350 875 quae
368 792 437 852 sane
454 792 632 870 perpetuitas
646 792 779 851 essentiae
795 790 922 867 configii
938 807 1049 849 annexa
1063 794 1118 863 cst,

114 896 149 947 ut
165 902 202 944 ox
220 884 309 943 Cone.
333 875 504 939 Florentino
523 876 556 934 in
573 875 692 934 decreto
711 874 749 933 de
768 874 878 934 unione
902 875 1119 944 Aetnensium,

114 980 145 1032 et
159 965 351 1029 instructione
365 957 519 1019 Clementis
538 961 625 1020 VIII.
641 977 695 1035 pru
714 958 924 1025 Italo-Graecis,
948 957 1120 1020 confirmata

113 1046 299 1117 tumetum
307 1046 358 1106 XI
364 1046 397 1106 V.
411 1043 463 1101 sua
480 1043 689 1102 constitutione
699 1042 767 1102 Etsi
783 1039 970 1114 Postmodo,
990 1061 1055 1119 queo
1076 1052 1120 1103 est

114 1139 154 1199 ut
171 1132 246 1194 buil.
264 1136 386 1190 constat.
397 1128 493 1199 Quare
505 1123 617 1203 optime
631 1125 788 1186 definitum
808 1127 839 1184 in
853 1127 995 1204 Congreg.
1007 1128 1038 1186 S.
1049 1127 1122 1186 uffi-

113 1220 152 1282 eii
173 1218 223 1279 die
241 1217 280 1279 20
290 1211 361 1288 maji
378 1210 471 1280 Ital,
481 1209 653 1286 eonjugium
664 1209 738 1269 illud
750 1210 867 1277 nullum
880 1212 1025 1285 extitisse,
1039 1210 1122 1270 adeo·

114 1321 175 1382 que
196 1302 345 1375 integrum
362 1294 451 1355 luisse
468 1293 605 1353 alterutri
623 1311 730 1370 sponso
751 1293 787 1352 ad
810 1294 866 1352 alia
889 1301 957 1353 vota
982 1296 1119 1355 transire.

115 1390 158 1447 De
172 1387 244 1462 Syn.
258 1381 344 1440 dioee.
355 1380 378 1438 l.
392 1380 439 1437 lt.
454 1396 480 1436 e.
494 1379 543 1437 ᾗ.
558 1396 588 1436 n.
601 1379 630 1436 o.
643 1379 747 1455 Neque
761 1378 878 1438 obstare
887 1376 1050 1454 judicatum
1065 1390 1119 1452 est,

114 1467 200 1549 peiles
213 1464 320 1525 dixisse
335 1472 496 1537 utrumque
513 1478 672 1537 sponsum,
685 1463 793 1538 accipio
807 1460 887 1521 hune
904 1463 936 1520 iu
954 1462 1120 1540 conjugem,

114 1550 224 1614 deinde
245 1549 282 1608 ad
305 1564 413 1607 novam
440 1546 702 1622 interrogationem
729 1556 892 1623 utrumque
921 1545 1121 1605 conditionem

113 1635 293 1704 subdidisse,
309 1632 377 1708 quia
395 1641 424 1690 et
439 1630 571 1708 peieret
589 1630 715 1691 sectanda
732 1630 923 1708 interrogatio
939 1645 1017 1687 unus
1027 1629 1121 1689 idem·

114 1739 174 1801 quc
189 1729 270 1779 aetus
279 1716 425 1794 judicatus
438 1723 492 1773 est.

153 1833 257 1904 Exlris
268 1832 357 1891 etiam
375 1816 520 1890 resolutus
533 1835 576 1888 est
585 1827 602 1888 b
611 1831 642 1888 S.
654 1831 885 1907 congregatione
898 1846 978 1889 casus
990 1832 1064 1893 alter
1073 1833 1122 1894 die

113 1921 218 1983 stulti
233 1917 319 1977 arat.
330 1916 385 1974 Vir
397 1921 427 1973 et
441 1914 561 1974 foemina
574 1922 778 1973 convenerunt
790 1914 829 1973 ad
842 1914 1049 1977 celebrandum
1065 1936 1123 1978 ma·

113 2003 296 2067 trimonium
310 2017 408 2060 eoram
422 1998 566 2069 Ecclesia,
581 2007 614 2057 ut
629 1999 704 2059 illud
716 2017 900 2077 nequaquam
918 2017 1123 2065 consummare
1149 2077 1156 2089 x
1198 2075 1202 2081 ⁶

113 2091 276 2160 deberent,
286 2086 337 2146 sed
348 2093 414 2163 post
423 2082 591 2161 quindecim
600 2082 664 2143 dies
680 2084 787 2143 mulier
799 2086 1009 2144 moirasterium
1024 2088 1123 2167 ingre·

112 2176 259 2244 deretur,
285 2176 315 2229 et
335 2176 401 2248 past
420 2167 604 2245 probationis
628 2187 740 2229 annum
766 2169 976 2249 profiteretur3
1000 2170 1122 2232 interim

112 2255 191 2319 verb
210 2254 291 2316 omni
309 2253 370 2331 juri
397 2251 602 2324 renuntiabat,
626 2254 706 2333 quod
731 2255 762 2314 in
786 2255 885 2314 mariti
906 2273 1060 2334 personam
1087 2276 1124 2317 ex

112 2339 310 2403 rnatrimonio
328 2338 381 2397 sibi
409 2337 561 2415 acquirere
583 2338 742 2415 potuisset,
756 2344 1020 2418 consenseramus,
1044 2348 1078 2399 ut
1098 2343 1123 2401 si

112 2428 153 2486 ab
175 2425 224 2483 leis
240 2418 332 2500 pactis
352 2421 520 2492 deiecisset,
538 2423 762 2481 matrimonium
789 2424 925 2493 nullum,
946 2425 1123 2502 irritumque

96 2507 325 2574 ,tleclararetun
338 2506 379 2567 lta
399 2514 578 2565 conventum
592 2506 762 2580 interillos,
777 2514 919 2585 pactaque
934 2506 996 2565 luee
1008 2509 1124 2585 scriptis

111 2592 286 2671 consignata
308 2596 399 2665 stant,
418 2607 452 2648 ae
475 2589 635 2666 significata
653 2591 777 2650 testibus
802 2600 832 2649 et
857 2588 1002 2667 parocho,
1024 2610 1124 2654 eorem

110 2675 226 2755 quibus
243 2673 379 2733 ineundae
393 2682 478 2733 erant
487 2673 610 2750 nuptiae.
625 2676 686 2734 llec
699 2675 922 2736 matrimonium
935 2676 1050 2734 nullum
1063 2695 1124 2737 esse

111 2759 280 2821 declaravit
291 2760 323 2817 S.
337 2760 370 2818 C.
384 2774 419 2817 ex
437 2776 499 2836 cap.
524 2756 559 2817 Si
574 2757 772 2833 conditiones,
795 2757 829 2819 de
848 2757 956 2818 condit.
981 2761 1124 2840 apparit,-

112 2862 188 2905 nnm
201 2841 345 2902 abdicatio
361 2842 436 2902 saeta
455 2843 493 2901 ab
511 2851 637 2921 utroque
653 2845 691 2904 de
711 2853 854 2923 potestate
875 2848 908 2907 in
927 2867 1034 2926 carpus
1052 2848 1125 2908 alte·

110 2932 199 2999 rius,
213 2925 324 3005 ,aperte
354 2927 501 2986 contrariu
524 2938 568 2987 est
583 2930 753 2992 substantiae
771 2933 961 2992 matrimonii.
986 2935 1125 3007 Quamvis

110 3013 200 3073 euim
218 3011 250 3070 in
278 3011 342 3089 ipsa
362 3011 543 3071 matrimonii
572 3014 768 3075 celebratione
791 3026 858 3076 actu
889 3027 1035 3095 expressae
1063 3038 1124 3080 noir

109 3103 215 3158 essent
234 3096 384 3173 pactiones
404 3095 485 3166 istae,
507 3098 657 3159 constabat
680 3108 779 3160 tomen
800 3118 837 3160 ex
861 3101 1122 3176 antecedentibus,

108 3190 146 3325 εἰ
156 3179 352 3323 sequpptibus
369 3179 458 3240 simul
475 3180 603 3258 janctis,
620 3184 758 3264 conjuges
770 3185 808 3246 ab
829 3187 866 3247 iis
881 3205 941 3247 nou
962 3189 1122 3250 recessisse.

108 3266 121 3324 l
149 3308 158 3324 .
182 3280 215 3321 n.
272 3304 280 3321 .
369 3306 373 3313 -

165 3378 393 3442 Matrimonium
426 3381 554 3445 infidelis
585 3385 618 3445 in
647 3385 820 3447 infidelitate
848 3397 1029 3451 contractum
1064 3409 1125 3453 non

107 3462 220 3522 statim
242 3465 421 3538 resolvitur,
449 3485 485 3526 en
508 3486 568 3546 quo
591 3469 734 3528 alteruter
755 3471 914 3548 conjugum
939 3474 1122 3551 baptisatur,

107 3552 143 3606 ct
154 3546 235 3689 aTlter
244 3550 344 3694 rpppit
354 3595 363 3625 ,
372 3550 424 3612 sed
435 3559 506 3613 tune
515 3551 584 3614 eum
597 3552 760 3632 baptizatus
772 3555 809 3617 ud
822 3555 911 3616 ultera
926 3565 992 3678 vappa
1004 3557 1117 3618 transit.

186 3645 246 3690 orn.
311 3676 319 3693 .
930 3639 968 3697 5,
