2642 4167
405 270 454 329 Ex
467 269 601 350 operibns
616 265 769 330 Benedicti
782 268 871 329 XIV.
1086 272 1145 332 909

141 373 167 433 ci
189 368 398 448 permittitur,
426 368 520 428 donec
545 379 639 430 certos
660 368 867 429 ecclesiasticos
895 366 1007 427 reditus
1023 367 1059 426 ad
1076 385 1145 428 con·

140 473 242 533 getiam
264 453 504 511 sustentationem
521 454 716 521 sufficientes,
741 451 788 510 vel
807 450 985 510 beneficium
1009 452 1143 512 residen-

142 540 211 600 tiolc
230 536 371 599 obtineat.
383 539 429 597 De
438 536 548 616 Synod.
561 538 681 606 Dioeees.
698 534 729 596 t..
738 538 787 596 15.
801 554 826 595 o.
838 536 886 596 10.
901 553 933 596 a.
947 535 1011 622 tn.

512 739 749 808 1111111110.
849 726 862 737 “

178 917 385 984 alienationes
402 941 504 984 rerum
533 924 752 999 immobilium,
776 932 807 985 ct
824 923 979 984 mobilium
1004 922 1145 1001 pretiose·

142 1026 209 1069 rum
220 1050 231 1080 ‚
243 1005 342 1068 vetitae
356 1018 427 1069 sunt
443 1028 561 1087 quoque
573 1010 755 1084 regularibus
767 1055 774 1080 ,
786 1011 874 1069 etiam
889 1009 1004 1086 speciali
1016 1025 1146 1067 eommo-

142 1093 305 1152 moratione
316 1087 429 1171 dignis,
447 1111 483 1152 ex
497 1094 576 1151 decr.
592 1092 660 1152 Urb.
677 1095 765 1152 VIII.
785 1094 840 1152 sub
853 1093 901 1152 die
916 1093 945 1151 t.
960 1093 1041 1169 Sept.
1057 1091 1143 1150 tort.

145 1175 211 1235 Ilaec
227 1186 325 1236 lamen
349 1178 539 1253 intelligenda
561 1187 629 1235 sunt
644 1178 681 1235 de
696 1177 779 1236 bonis
794 1178 926 1237 Ecclesiae
939 1176 1144 1252 incorporatis.

142 1259 215 1331 Quae
226 1261 296 1321 'verb
314 1281 375 1321 non
399 1272 467 1320 sunt
486 1263 669 1337 incorporata
684 1260 717 1320 et‘
738 1262 846 1321 debent
865 1261 1009 1330 allenari,
1029 1268 1062 1318 ut
1077 1266 1147 1318 sunt

142 1361 191 1402 res
204 1346 314 1412 rolictae
335 1348 390 1405 PP.
402 1346 576 1409 Reformatis
594 1348 625 1405 S.
643 1347 814 1417 Fremitu,
831 1364 892 1405 non
909 1352 1030 1421 possunt
1043 1357 1146 1401 eorum

143 1429 256 1506 syndici
270 1430 429 1508 procedere
442 1430 476 1487 ad
492 1447 593 1488 carum
604 1431 806 1489 venditionem
818 1474 827 1501 ,
838 1430 894 1488 nisi
909 1427 1028 1505 praefixo
1039 1425 1144 1495 edicto,

144 1520 180 1570 ut
193 1514 283 1590 magis
300 1514 434 1594 offerenti
451 1513 627 1573 vendantur.
643 1515 686 1575 Ita
700 1533 736 1574 ex
752 1515 833 1574 decr.
850 1515 930 1572 Sace.
943 1512 1050 1585 congr.
1068 1509 1144 1567 Inst.

142 1593 252 1656 Eccles.
266 1600 315 1658 69.
327 1618 359 1658 n.
376 1600 405 1658 8.

184 1681 380 1741 alienationes
398 1683 486 1741 etiam
509 1701 609 1741 rerum
633 1683 780 1741 interioris
795 1680 923 1749 cratoris,
937 1696 1002 1754 quoe
1015 1690 1148 1753 compro·

145 1762 318 1824 incenduntur
330 1768 360 1825 in
374 1786 438 1844 cap.
457 1765 614 1840 Tumulus,
630 1767 739 1825 debent
754 1766 842 1826 etiam
861 1761 1072 1841 irregularibus
1082 1760 1146 1821 fieri

145 1846 183 1906 do
200 1848 319 1908 lieentia
331 1850 476 1929 Episcopi.
489 1854 566 1910 Inst.
577 1847 656 1911 Eccl.
674 1852 723 1909 69.
741 1869 773 1908 a.
788 1851 818 1909 9.
1137 1865 1140 1868 ·

183 1931 371 2004 Alimentus,
391 1944 421 1993 et
445 1936 620 2013 recipientes
647 1936 723 1995 bona
748 1935 872 1994 alienata
902 1940 1002 1993 contra
1028 1933 1144 1991 Exarav.

144 2014 314 2091 ambitiosi,
331 2019 487 2076 incurrunt
508 2018 839 2078 excommunicationem
863 2018 997 2076 Pontifici
1017 2033 1147 2075 reserva-

146 2099 420 2161 tam.lbid.n.10.
440 2105 595 2180 Regulares
610 2103 681 2164 vero
701 2104 776 2166 ultra
801 2101 877 2161 hene
902 2102 1060 2164 incurrunt
1085 2103 1148 2179 ipso

143 2181 219 2241 iacto
230 2185 753 2262 poenamprivationisoilaciorunr,ex
764 2187 880 2246 decreto
889 2184 1093 2247 urbamvtll.
1102 2185 1146 2256 lt.

182 2266 368 2344 Quamquirm
381 2287 416 2328 ex
427 2271 497 2329 Can.
510 2273 598 2330 Bona
609 2274 646 2331 l2
659 2279 761 2348 quaest.
773 2273 803 2330 E.
814 2269 862 2346 jus
874 2272 911 2346 sit
926 2272 1065 2345 Episcopo
1084 2285 1148 2327 mo·

143 2352 227 2410 licnti
247 2369 356 2411 novum
370 2356 579 2415 monasterinm
602 2358 632 2415 in
654 2357 705 2414 sud
720 2351 1149 2427 Ecclesid‚donandiilliqnin-
1169 2368 1175 2380 ·

146 2434 464 2512 qaragcsimampartem
475 2438 623 2497 redituum
637 2439 771 2496 Ecclesiae
786 2456 865 2511 suae3
882 2434 948 2495 edm
970 2446 1066 2494 tannen
1081 2436 1149 2510 Epi·

145 2518 224 2594 scopi
239 2518 269 2576 in
290 2520 342 2576 sud
360 2522 578 2579 consecratione
594 2520 697 2596 jurent
713 2537 743 2577 se
765 2536 823 2577 non
844 2520 1020 2575 alienatores
1039 2536 1149 2591 posses·
1194 2571 1197 2576 .

146 2601 243 2660 sionos
256 2600 292 2659 ad
305 2618 434 2662 mensam
449 2622 532 2661 suam
543 2606 743 2681 pertinentem
755 2600 825 2658 hino
838 2596 950 2677 optime
963 2599 1146 2660 intulisse.

146 2685 335 2744 interdictam
351 2703 412 2744 esse
424 2689 566 2763 Episcopo
586 2686 681 2757 hane,
702 2694 732 2744 et
749 2683 837 2742 aliam
849 2699 1065 2759 quamcumque
1080 2682 1149 2742 ello«

147 2769 310 2828 arationem.
324 2770 369 2828 De
383 2770 494 2850 synod.
509 2771 630 2830 Diocles.
646 2767 667 2831 I.
683 2772 731 2830 IE.
743 2787 776 2827 n.
790 2768 839 2827 15.
913 2765 917 2770 ’

567 2964 723 3024 attane,
751 2977 758 2987 ’

153 3201 156 3206 .
186 3147 398 3208 Sacerdotibus
415 3148 500 3208 latini
525 3149 600 3209 ritus
623 3151 655 3209 ln
675 3150 776 3210 Russid
802 3145 940 3211 Polonicd
956 3142 1149 3223 degentibus,

148 3239 209 3290 lam
228 3230 443 3308 praesentibus‚'
456 3232 544 3310 quiam
561 3235 670 3294 suturis
685 3234 873 3308 conceditur,
894 3241 929 3291 ut
949 3229 1152 3290 deficientibus

147 3314 257 3373 tabulis
267 3314 390 3392 lapideis
407 3319 723 3388 consecratis‚lllissam
742 3319 889 3378 eelebrent
902 3333 990 3393 super
1006 3315 1152 3374 1111111111-

147 3398 189 3455 sis
201 3397 408 3457 Rutlrenorum
435 3401 600 3459 unitorum.
615 3402 684 3461 Ritu
705 3409 804 3461 tamen
825 3401 917 3460 latino
932 3417 1046 3459 sacrum
1068 3415 1152 3474 agero

149 3480 210 3554 illis
229 3480 398 3557 injunctum
413 3484 469 3543 e'st.
484 3485 559 3544 Sunt
570 3485 744 3543 nullmensia
759 3485 843 3544 lintei
861 3484 981 3563 quidam
998 3483 1152 3566 episcopali
1186 3501 1188 3503 ’

148 3563 358 3624 bencdictione
376 3569 551 3637 consecrati,
568 3568 748 3646 inquorum
765 3569 879 3646 angulis
896 3571 1069 3629 Sanctorum
1084 3567 1153 3627 reli-

149 3647 229 3724 quiar
241 3649 402 3709 rccondiloe
416 3661 506 3722 sunt.
518 3652 639 3713 constit.
657 3653 796 3733 Imposito
815 3651 908 3714 nobit.
936 3736 973 3790 Y

957 3757 996 3790 d..
