2642 4167
180 286 239 351 150
462 280 575 343 Prusia
589 279 773 363 confessarii.
790 284 863 364 Cap.
876 284 906 342 6.

179 387 246 448 Uno
267 383 359 447 verbo
379 391 497 463 oportet
524 382 708 462 expelleret
731 379 935 461 cordeomoc
954 385 1035 462 quod
1056 402 1116 447 non
1140 395 1184 448 est

177 468 279 541 Deus,
302 477 332 530 et
353 467 433 546 quod
456 483 517 528 noo
538 477 583 527 est
596 466 761 530 seeundirm
776 466 872 546 majus
887 467 942 528 Del
957 466 1182 547 heneplacitum.

217 555 287 614 tot.
307 552 345 613 V.
365 553 469 612 Lectori
494 570 561 612 eum
580 553 688 630 spiritu
711 554 827 631 quotics
848 552 992 613 secernit
1014 556 1184 629 contemni,

179 638 317 713 irrideri,
341 647 371 697 et
393 637 527 698 omnium
544 636 722 698 vilissimum
740 638 883 716 reputari.
903 636 928 696 0
948 636 1037 715 quam
1063 639 1186 716 pulchri

178 733 244 787 orat
261 724 358 783 anima
370 724 418 782 illa
432 742 498 799 quae
510 723 669 800 vilipendis
681 724 809 785 libenter
822 723 1027 803 amplectitur!
1043 725 1187 804 precipui

179 809 211 870 in
233 806 495 868 communitatibus
510 807 541 866 in
559 807 667 884 quibus
684 805 747 868 haec
765 808 858 868 virtus
879 817 925 867 est
945 807 1079 868 omnium
1101 809 1187 888 louge

178 894 357 967 necessaria3
371 901 585 968 consequenter
595 901 711 969 oportet
722 892 822 953 sordre
834 891 1018 952 allectionem
1032 892 1186 969 specialem

178 994 247 1056 erga
275 986 390 1037 nostros
415 977 571 1049 inimicos,
598 986 628 1036 et
649 988 870 1054 persecutores,
896 977 956 1036 illis
982 978 1187 1050 inserviendo,

178 1062 403 1128 oenetaciendo,
417 1059 610 1128 honorando,
627 1062 730 1121 saltem
748 1061 969 1131 benedicendo,
992 1071 1023 1120 et
1039 1080 1188 1123 commeo-

177 1146 276 1208 dondo
296 1145 463 1226 specialiter
477 1146 540 1206 Deo
559 1143 811 1224 quemadmodum
835 1145 934 1208 Sancti
956 1144 1052 1208 lacere
1065 1164 1188 1225 consue-

178 1239 301 1291 verunt.

217 1316 285 1376 166.
299 1315 352 1376 Vl.
367 1314 456 1377 Alere
475 1313 716 1381 ardentissimum
737 1314 918 1377 desiderium
939 1314 1057 1376 amandi
1071 1315 1189 1390 Deum,
1279 1334 1280 1337 ¹

179 1399 284 1477 illique
310 1399 456 1478 placendi.
481 1401 530 1460 au
546 1401 579 1460 S.
603 1398 766 1462 Thermia:
783 1399 933 1462 Dominus
948 1399 1020 1461 oded
1038 1397 1192 1460 desideriis

177 1481 360 1562 delectetur,
380 1502 415 1544 ec
435 1482 464 1545 ei
487 1482 618 1564 sumserit
641 1483 807 1545 executioni
830 1483 1020 1546 demorrdete.
1043 1484 1116 1543 Smo
1136 1482 1191 1544 lroc

179 1567 326 1629 destderio
336 1562 722 1648 animanon'progredietur
735 1569 767 1629 in
776 1569 822 1629 via
831 1569 1018 1647 perfeetionis
1027 1612 1036 1636 ,
1046 1585 1100 1628 nec
1110 1569 1190 1629 Deus

178 1654 323 1732 largietur
345 1652 387 1712 illi
407 1654 515 1732 gratias
531 1653 617 1713 valde
638 1654 787 1732 speciales.
803 1653 910 1714 Eadem
934 1655 1037 1713 Sancta
1054 1653 1117 1712 ait:
1139 1654 1193 1713 Or·

182 1736 301 1800 dinarii
314 1739 396 1798 Deua
414 1756 475 1798 non
493 1737 664 1818 inpertitur
673 1736 790 1820 sonores
802 1735 927 1798 nrulttinr
938 1733 1122 1819 sinpnlorea,
1134 1734 1194 1796 nisi

183 1820 224 1884 iis
242 1820 297 1903 qni
318 1819 373 1882 ont
394 1820 633 1884 desideraverunt
648 1822 713 1903 61116
734 1841 874 1883 umore-an.
889 1822 922 1882 Ei
941 1823 1086 1882 desiderio
1107 1838 1193 1900 opor·

181 1915 225 1968 tct
252 1922 370 1984 semper
393 1906 572 1985 conjungere
593 1905 871 1967 determinationem
895 1905 1019 1967 faciendi
1047 1902 1194 1983 quantiam
1291 1944 1292 1950 κ

180 2008 354 2071 possumus,
372 2000 405 2050 ut
418 1992 480 2050 Deo
499 1992 675 2068 placeamus.
692 1991 813 2051 Praelata
827 1993 930 2051 Sancta
941 1991 1063 2070 inquit:
1081 1987 1195 2050 Diodo-

179 2072 227 2136 lus
238 2072 425 2152 potissimum
442 2074 725 2157 tiucetmepnoninm
736 2074 835 2136 corda.
849 2079 882 2135 Et
900 2075 988 2136 alibi:
1003 2071 1089 2135 Nilril
1104 2073 1192 2136 atiud

179 2156 300 2219 duobis
316 2159 410 2242 eripit
421 2161 569 2223 Dominus
586 2162 677 2240 quone
698 2158 831 2222 ualidum
847 2159 1196 2232 praemoneremur

179 2239 328 2325 reliquum
348 2245 411 2325 ipse
433 2245 501 2307 inde
513 2243 658 2327 perficiet.
672 2244 1193 2325 Oportetquoqucsovdreallectum
1269 2238 1270 2243 ’

180 2344 331 2392 summum
347 2348 418 2408 erga
438 2333 603 2392 orationem
614 2374 626 2411 h,
641 2349 708 2408 quae
721 2340 765 2391 est
778 2331 883 2393 tornax
902 2332 933 2392 io
952 2351 1010 2410 qua
1024 2331 1194 2392 accenditur

104 2435 107 2441 ⁴
179 2416 264 2473 amor
284 2413 413 2474 divinus.
428 2416 537 2476 Omnes
561 2415 659 2475 Sancti
676 2418 840 2494 ,quoniam
865 2415 953 2478 unice
970 2419 1066 2477 Deum
1086 2414 1199 2494 dilige,

180 2498 269 2571 baut,
287 2497 374 2561 nnicd
393 2516 511 2579 quoque
531 2501 706 2563 dilexerunt
728 2502 905 2564 orationem.
919 2505 971 2562 Est
992 2504 1081 2562 etiam
1094 2518 1195 2561 neem-

179 2584 289 2645 sariam
304 2629 313 2655 ,
330 2594 363 2645 ut
375 2587 440 2663 quis
452 2588 590 2648 ardenter
609 2587 758 2647 desideret
778 2589 946 2664 paradisum
956 2609 966 2664 3
977 2586 1010 2650 in
1023 2588 1096 2646 coelo
1110 2587 1194 2647 enim
1213 2582 1215 2586 ⁴

180 2670 287 2731 animm
300 2672 429 2751 diligunt
439 2674 535 2735 Deum
550 2693 619 2734 eum
632 2673 773 2734 omnibus
786 2674 969 2734 viribussuis
981 2719 990 2742 ‚
1003 2673 1081 2750 quod
1095 2691 1195 2733 conse·
1271 2745 1273 2749 ι

181 2760 233 2838 qui
252 2765 340 2818 nemo
355 2764 452 2836 potest
465 2759 496 2818 in
509 2769 606 2830 terra,
620 2767 650 2818 et
669 2756 737 2818 ided
749 2759 813 2818 vult
826 2761 924 2831 Deus,
939 2767 973 2818 ut
986 2756 1195 2831 ardentissimi

180 2843 236 2907 hoc
250 2859 375 2923 regnum
389 2841 615 2919 desideremus,
629 2842 710 2923 quod
723 2843 807 2903 tesus
817 2842 953 2906 Christus
967 2841 1053 2904 nobis
1064 2842 1193 2926 acquisi-

181 2930 226 2990 vit
242 2928 385 3007 sanguine
398 2944 463 2987 suo.

139 3023 140 3026 ’
220 3013 495 3076 16611111166666
511 3029 647 3092 unguem
671 3010 906 3072 uniformitatem
923 3010 1193 3073 divinaevolontati

183 3101 215 3164 ln
230 3097 369 3160 omnibus
389 3097 479 3159 rebus
494 3099 637 3176 appetitui
658 3106 761 3157 nostro
783 3098 961 3168 contrariis,
981 3106 1061 3157 etse
1081 3094 1196 3175 pluries

89 3242 91 3245 ,
183 3184 215 3249 16
233 3184 282 3247 die
300 3183 362 3242 Deo
376 3180 493 3242 enarre.
504 3184 536 3243 S.
553 3180 690 3243 Tltcrerio
712 3181 767 3244 lroe
784 3183 978 3260 quinquagies
993 3182 1025 3240 io
1038 3181 1087 3241 die
1100 3182 1197 3245 tacere

182 3277 391 3334 consueverat:
407 3269 478 3329 Non
496 3266 630 3329 corcaietit
646 3285 817 3347 proprement
833 3270 942 3346 (inquit
957 3264 1071 3339 Sancta)
1086 3264 1120 3325 io
1136 3263 1198 3327 tilii

181 3352 370 3437 procurando
389 3352 502 3432 majore
520 3349 664 3431 fruitione
679 3353 758 3423 Dei,
778 3352 828 3415 sed
843 3353 877 3413 in
898 3348 1090 3431 adimplendo
1110 3346 1199 3410 illins

182 3436 343 3577 cellnatote.
358 3440 394 3498 m
407 3437 499 3501 alibi:
523 3439 600 3501 Vero
616 3437 690 3500 unio
707 3446 751 3499 eet
768 3439 855 3499 unire
868 3446 1002 3501 nostrum
1012 3454 1078 3498 enrn
1087 3433 1198 3536 divine

184 3537 222 3579 uo
235 3530 349 3582 notate.

224 3603 291 3660 167.
306 3604 385 3661 thl.
398 3605 539 3667 Praestare
554 3615 684 3667 exactam
697 3605 896 3671 obedientiam
914 3607 1043 3685 regulis,
1058 3604 1198 3682 superio-

185 3680 286 3761 ribus,
306 3693 337 3743 et
350 3689 428 3779 patri
447 3691 602 3771 spirituali.
612 3691 735 3754 Dicebat
753 3694 789 3756 V.
804 3695 842 3755 P.
860 3691 1030 3784 Vincentius
1044 3688 1197 3768 Ceraffos
