2642 4167
357 180 362 187 ⁴
400 199 450 264 Es
463 188 761 283 opca·ibnsBenedicii
770 202 860 266 XIV.
1076 196 1132 271 &85

129 296 250 383 iongaam
265 309 380 382 tempas
392 303 575 372 introducit,
593 303 660 364 cdiii
674 296 716 364 ob
735 306 917 385 singulorum
930 296 1132 385 Jucanicniom
1176 350 1181 357 -

130 388 312 448 consuetudo
334 389 387 446 ista
406 387 506 447 indaoi
524 400 584 447 non
605 390 746 466 potnerit.
767 384 881 448 Sufficit
900 396 1000 450 tamen
1022 386 1045 452 si
1069 388 1132 453 mo·

129 469 212 551 dicas
228 472 255 530 id
270 477 386 530 moneat
397 487 449 547 pen
459 472 550 530 aiium
561 464 659 531 vianna
672 485 802 549 gravam.
815 474 887 532 inst.
895 476 971 534 licei.
981 478 1031 535 ᾗ..
1041 494 1072 536 n.
1081 479 1129 537 iii.

168 556 234 615 Non
256 563 352 633 tanicn
369 563 507 614 tenentur
526 554 581 614 sab
600 556 683 632 gnavi
704 557 826 616 monta-e
846 560 1037 634 aegrotantia
1058 576 1133 637 qao·

130 646 259 715 mmqaa
277 638 403 708 morbo,
423 636 474 698 sed
496 637 613 715 quando
636 639 676 698 ita
699 638 797 717 aiiqao
824 641 930 701 morbo
952 643 1131 721 corripitur,

130 732 165 783 ut
177 723 295 783 attentis
303 722 441 782 omnibus
450 721 576 804 judicari
593 724 701 801 possit,
712 725 876 801 peniculum
890 742 952 785 esse
963 770 971 792 ,
983 736 1018 786 at
1030 727 1133 787 evadat

131 807 274 868 mortalis.
289 798 366 867 lbid.
380 824 410 866 n.
428 806 644 867 i8.Consaiiias
654 816 698 866 est
712 804 822 875 tamen,
835 817 868 868 ut
881 820 1133 889 moneatucaegco·

131 899 201 961 tan,
221 890 411 950 etiamsinon
432 892 571 950 timeatur
589 891 756 968 pericnlum
778 892 863 951 iilud.
878 893 954 953 into.
972 911 1003 955 n.
1016 896 1065 955 Ὦ.

167 974 199 1033 Si
220 982 318 1033 tamon
332 982 460 1051 egrotus
472 970 578 1033 cenant
593 974 819 1043 consessionem,
833 983 861 1035 et
875 968 997 1037 morbus
1007 980 1046 1037 sit
1058 977 1133 1040 odoia

129 1057 324 1136 periculosas,
339 1067 371 1116 at
381 1055 540 1116 desectusa
554 1057 666 1118 medico
679 1059 843 1119 timendam
855 1058 910 1131 sit,
921 1060 1130 1135 nemoriatur,

130 1143 236 1203 docent
249 1150 319 1202 tana
328 1138 468 1220 theologi
483 1136 676 1203 deserendum
688 1141 704 1201 i
718 1143 831 1204 medico
844 1162 904 1204 non
918 1163 979 1205 esse
995 1164 1032 1206 oe
1045 1162 1133 1223 agno

128 1235 178 1309 tus
189 1227 304 1370 amittpt
315 1236 398 1305 spem
410 1226 541 1286 sanitatis
553 1228 776 1304 recuperandae,
787 1227 919 1306 adeoque
932 1226 1130 1309 resipiscendi.¹

130 1310 207 1373 ibid.
223 1328 254 1372 n.
287 1312 317 1371 7.

167 1395 359 1456 sanciantem
386 1394 553 1470 medicam,
586 1388 634 1454 sei
667 1394 864 1473 chinairgicaoa
894 1406 1061 1456 exercentes
1096 1406 1132 1459 ex

127 1480 300 1561 proscripto
313 1496 374 1540 stac
398 1481 488 1547 antis,
509 1480 623 1541 etiamsi
640 1481 746 1558 aliquis
761 1491 888 1557 aegrotas
913 1482 1043 1551 obiecit,
1071 1496 1131 1543 non

126 1573 226 1626 tamen
239 1566 394 1625 incurrunt
407 1564 652 1641 irregularitatem
658 1576 796 1640 potamon
810 1564 1005 1626 adcautciom
1016 1574 1131 1644 petant,

126 1658 156 1712 ct
177 1649 310 1709 obtinent
329 1640 574 1727 dispensationem
586 1644 596 1720 ‚'
609 1643 634 1707 s'i
657 1649 823 1725 promanant
842 1649 878 1707 ad
904 1648 1024 1708 ondincs
1036 1666 1132 1709 saccos

126 1735 296 1812 postulant,
314 1741 443 1791 attamen
459 1730 603 1807 ejusmodi
629 1733 732 1791 Brevia
755 1749 814 1791 non
834 1730 1056 1803 concedentur,
1075 1734 1131 1793 nisi

126 1813 211 1895 peinis
228 1816 327 1875 oaciito
342 1817 505 1893 Episcopo,
531 1817 578 1874 cai
597 1813 786 1891 injungitur,
816 1823 850 1874 at
874 1815 1010 1876 distincta
1026 1817 1134 1876 naienat

127 1914 213 1958 casas
229 1914 331 1959 omnes
354 1898 606 1958 animadversione
635 1898 766 1976 dignos,
788 1915 950 1979 coctamque
972 1898 1133 1978 pccciiiaces

126 1982 380 2053 circumstantias,
404 1981 552 2059 simulque
572 1992 722 2062 exponat,
739 1982 823 2060 cujus
847 1982 896 2044 cei
911 1984 1005 2062 gnatia
1033 1993 1133 2044 orator

125 2065 165 2127 ad
185 2065 302 2125 ordines
318 2082 415 2127 saccos
436 2064 603 2145 promoveri
624 2075 734 2145 poscat.
757 2070 801 2128 Do
828 2068 900 2148 Syn.
918 2061 1004 2130 dioeca
1031 2067 1053 2129 i.
1074 2068 1130 2129 it.

126 2167 156 2211 c.
176 2150 224 2210 i0.
242 2166 272 2210 n.
289 2151 318 2210 4.
519 2196 529 2207 s
573 2186 576 2192 ·

163 2235 266 2295 Sacros
291 2235 362 2297 vcro
388 2235 507 2297 ordines
526 2235 587 2313 jam
606 2236 797 2309 obtinentes,
818 2237 866 2300 vei
888 2238 978 2299 etiam
1004 2234 1133 2299 minoas·

125 2338 195 2383 cum
211 2321 401 2403 ecclesiastico
420 2321 583 2403 beneficio,
604 2338 643 2405 cx
670 2322 841 2402 paoescripto
862 2336 1013 2383 mnarum
1038 2325 1133 2384 Cano*

124 2425 200 2468 nom
222 2406 383 2467 necessariis
404 2406 514 2467 debeat
532 2416 633 2484 pctore
649 2406 797 2466 indultam
811 2451 819 2479 ‚
835 2408 859 2467 si
877 2406 1015 2468 medendi
1038 2416 1133 2467 artem

122 2491 218 2551 veiint
243 2490 388 2552 exonera.
418 2492 478 2550 linc
501 2490 574 2551 vcia
599 2490 751 2550 indultum
780 2508 841 2550 non
874 2490 1048 2558 obtinetur,
1074 2490 1132 2551 nisi

84 2584 96 2611 ’
123 2575 255 2653 exposita
280 2576 387 2646 causa,
415 2586 521 2653 nempe
545 2573 626 2653 qaid
650 2572 747 2644 iocus,
764 2573 796 2632 in
822 2590 882 2651 quo
905 2581 1004 2632 oraton
1026 2574 1131 2652 degit,

122 2667 155 2719 et
184 2658 318 2737 profitdni
338 2660 443 2737 cupit,
466 2660 512 2718 vci
536 2660 575 2719 sit
603 2658 679 2737 pand
702 2658 881 2733 destitutus,
908 2655 956 2716 vel
982 2657 1132 2716 nonsatis

121 2743 167 2802 iiii
194 2743 344 2821 provisum
363 2743 402 2803 sit
420 2761 456 2803 cx
473 2742 587 2802 medico
609 2744 682 2803 inico
697 2785 705 2814 ,
723 2743 771 2801 vei
790 2741 919 2819 denique
936 2738 1001 2816 ejas
1022 2740 1132 2800 familia

123 2835 215 2887 tantoe
235 2827 275 2887 sit
289 2830 443 2906 egestatis,
461 2836 495 2888 at
510 2820 725 2906 providendam
743 2827 785 2886 iiii
808 2826 846 2885 sit
859 2840 895 2886 ex
916 2824 1039 2888 honesto
1050 2825 1132 2888 tuero

122 2929 160 2974 cx
177 2920 240 2971 ante
256 2911 368 2972 medica
382 2912 581 2991 percipiendo.
594 2913 671 2971 ibid.
687 2930 769 2971 nam.
794 2912 824 2972 a.

162 2995 321 3073 Reguianes
342 2996 413 3056 vcro
433 2997 464 3054 in
484 2996 671 3056 missionibus
693 3006 810 3072 agentes
836 2995 991 3073 privilegio
1020 2992 1134 3054 donon-

122 3088 192 3150 tac‚
213 3080 339 3143 exsuita
355 3077 541 3160 potissimam
555 3077 708 3140 cinaeos
723 3081 800 3141 XII.
819 3078 978 3139 constant
989 3122 998 3151 ‚
1010 3087 1045 3136 at
1067 3095 1134 3155 pos·

120 3163 184 3223 sint
201 3162 442 3223 excrescentem
462 3162 616 3222 medicam.
637 3162 699 3223 iioc
718 3173 816 3223 tamen
830 3162 985 3241 privilegio
1000 3161 1058 3221 frui
1073 3178 1133 3221 non

121 3254 246 3326 possunt
258 3290 267 3317 ‚
278 3247 335 3306 nisi
348 3249 379 3307 in
394 3248 427 3307 ei
438 3256 501 3305 acte
513 3246 573 3306 sint
584 3248 672 3324 periti
687 3291 695 3316 ‚
708 3255 739 3305 et
751 3245 840 3324 gnatis
859 3246 987 3306 remedio
1002 3246 1134 3323 praescii·

121 3330 218 3401 bont,
237 3346 270 3390 aa
286 3332 404 3391 tandein
423 3331 589 3390 abstineant
609 3331 646 3390 ab
671 3332 811 3390 incisione
834 3340 864 3389 et
884 3330 1050 3389 adustione.
1075 3330 1134 3386 Da·

121 3416 215 3492 nique
238 3414 421 3493 requiritur,
436 3423 470 3473 ut
493 3430 553 3474 non
573 3414 671 3474 adsint
685 3414 790 3474 medici
812 3415 879 3474 iaici
893 3435 902 3490 ;
916 3413 963 3473 vai
985 3412 1044 3472 sint
1065 3411 1134 3488 qai·

121 3496 213 3570 dem,
235 3506 266 3557 nt
279 3498 408 3558 haeretici
422 3541 430 3567 ,
445 3499 492 3556 vei
513 3496 638 3572 hebrei,
657 3507 691 3557 ut
704 3516 739 3557 cx
752 3499 875 3559 aconcio
894 3498 1000 3577 (longe.
1015 3496 1052 3556 dc
1064 3510 1134 3573 pro·

121 3581 257 3665 pagancia
272 3576 340 3645 fide.
364 3580 439 3646 ibid.
464 3599 495 3642 n.
522 3580 551 3640 7.
