2642 4167
169 196 229 261 too
362 194 499 277 Epitoae
513 193 652 256 doctrino
665 188 789 257 moon
806 199 836 252 et
851 166 997 255 ιαιιοιιίειι·

169 302 276 361 tactam
299 296 338 358 ab
364 294 481 358 Urbano
505 296 541 358 V.
561 295 689 356 listron.
710 296 723 355 l
747 295 793 355 De
815 291 946 355 aimonio
969 290 1048 354 iuter
1069 291 1182 355 (lmus.

172 385 217 446 De
233 383 343 462 synod.
366 382 454 443 dioec.
470 381 492 442 l.
517 382 566 441 ll.
585 399 611 440 c.
632 382 663 440 o.
682 398 712 440 n.
723 381 755 441 6.

208 467 329 528 bladum
351 475 448 525 tamen
471 464 684 543 imponendum
713 464 880 544 sumptibus
905 470 1124 543 apparatuum,
1152 476 1183 528 et

170 552 414 615 comessationum
441 567 474 610 ac
491 568 689 630 pomparum,
716 567 782 626 qun
809 548 885 609 barat
905 548 935 608 in
956 548 1090 627 ingressu
1117 566 1183 609 ιιιο-

169 637 315 704 uialium,
333 643 430 695 censet
451 635 585 694 Pontifex
607 652 677 693 usus
697 632 864 711 opportune
878 632 931 692 luic
947 635 978 692 in
995 652 1029 693 re
1047 633 1181 694 dauriae

171 722 296 782 Navarri
312 719 343 778 in
359 728 398 779 tr.
412 717 447 777 dc
466 716 547 778 redd.
561 715 627 777 ecel.
649 716 748 776 infin.
767 736 814 792 pr.
830 736 861 794 q.
876 715 953 777 ibid.
971 736 1003 777 n.
1024 720 1055 778 7.

115 870 118 877 ,
209 805 349 865 blanialcs
360 803 543 881 regularibus
559 800 698 879 subjectae
713 820 749 860 ex
769 802 905 861 Trident.
924 819 993 860 sess.
1010 803 1060 863 ut.
1082 802 1118 864 de
1135 822 1181 864 rc·

169 885 232 970 pol.
247 907 271 948 o.
284 891 313 949 b.
325 887 483 948 Ordinurio
496 886 552 945 loci
570 897 719 964 tamqnam
737 884 869 962 delegato
878 885 1077 961 subjiciuntur
1086 890 1182 965 qrroad

171 975 348 1034 clausuram.
367 973 404 1032 lo
415 969 487 1031 verb
498 971 651 1030 declarans
666 971 824 1050 Gregorius
843 972 915 1033 XV.
927 971 958 1030 in
971 975 1181 1033 constitutione

172 1061 224 1120 sud
252 1077 284 1118 n.
309 1058 359 1117 l8.
384 1055 509 1126 statuit,
535 1054 726 1114 confessarios
744 1073 847 1115 carum
868 1055 1015 1133 regulares
1043 1056 1081 1116 ab
1113 1059 1182 1135 ipsis

108 1146 111 1153 '
170 1145 230 1202 auis
260 1140 463 1220 superioribus
489 1137 645 1217 deputatos
666 1157 720 1216 pro
751 1139 978 1200 confessionibus
1006 1140 1182 1201 monialium

170 1226 207 1286 ab
227 1226 369 1304 Episcopo
391 1222 597 1301 approbandos
615 1240 689 1282 esse.
712 1224 813 1282 Eidem
832 1223 921 1283 etiam
946 1224 1089 1302 Episcopo
1113 1225 1184 1286 red-

169 1310 296 1371 dendam
314 1325 376 1367 esse
388 1308 534 1368 rationem
547 1306 584 1367 ab
603 1306 641 1366 iis
662 1307 714 1384 qai
729 1307 805 1367 bona
819 1306 938 1367 illarum
953 1308 1180 1378 administrant,

171 1395 270 1455 accitis
290 1403 389 1454 nmen
414 1404 483 1452 tone
505 1393 595 1452 etiam
624 1391 827 1470 superioribus
849 1390 1055 1470 regularium,
1081 1394 1181 1472 quisi

170 1479 347 1551 renuerint,
372 1486 443 1538 tunc
461 1477 490 1537 id
511 1484 630 1555 paesici
648 1493 703 1555 per
721 1494 754 1536 so
778 1476 948 1554 Episcopus.
974 1477 1069 1553 Dolor
1090 1479 1181 1537 ctiam

171 1565 314 1642 Episcopo
328 1562 484 1623 auctoritas
502 1560 678 1639 proesideodi
702 1558 760 1620 und
776 1577 842 1620 cum
858 1561 1010 1638 superiore
1030 1562 1180 1639 regulari.

172 1647 240 1708 crim
268 1646 423 1707 Antistites
453 1645 622 1705 monosterii
653 1645 816 1722 eliguntur.
847 1644 982 1721 Denique
1009 1645 1181 1719 conceditur

170 1732 332 1811 Episcopo,
355 1737 406 1805 ut,
419 1729 443 1789 si
465 1728 615 1806 regulares
636 1728 712 1789 sorte
725 1730 756 1787 iu
775 1726 879 1787 ordine
897 1727 933 1786 ud
945 1727 1110 1789 clausuram
1129 1730 1186 1792 de·

170 1818 323 1894 liquerint,
349 1815 454 1892 puniat
472 1814 560 1881 illos,
577 1822 607 1873 et
623 1813 751 1891 corrigat
770 1829 863 1890 usqire
877 1813 914 1873 ad
931 1831 1081 1873 censuras.
1095 1812 1182 1875 Alco.

175 1900 366 1961 V11.insud
388 1906 480 1958 const.
509 1898 577 1958 tta.
616 1897 752 1959 concedit
776 1897 976 1974 superioribus
997 1898 1184 1977 regularibus

167 1982 216 2060 jus
234 1981 416 2061 ingrediendi
429 1991 509 2060 septa
524 1982 698 2042 monasterii
716 1982 886 2041 earumdem
901 1981 1073 2041 monialium
1089 1982 1183 2042 semel

169 2069 329 2148 quotannis
346 2068 499 2129 occasione
519 2066 706 2127 visitationis.
728 2063 840 2143 Supiirs
869 2064 941 2126 verb
965 2084 1002 2126 ex
1021 2067 1105 2126 causi
1128 2084 1182 2127 ur-

170 2155 251 2232 genti
276 2154 401 2222 vetuit,
430 2169 468 2211 ne
498 2152 745 2229 ingrederentur,
769 2151 824 2210 nisi
848 2161 991 2229 praesento
1010 2152 1178 2230 Episcopo,

170 2237 217 2297 vel
237 2236 295 2295 alio
325 2233 543 2304 ecclesiastico,
567 2233 605 2294 ab
626 2236 731 2294 eodem
750 2234 900 2313 deputato.
932 2236 1004 2296 lust.
1026 2235 1101 2295 Eccl.
1122 2235 1179 2294 Et).

172 2340 203 2384 n.
232 2323 261 2381 b.
283 2319 434 2380 Contraria
459 2316 555 2397 quoad
585 2317 775 2403 haec'omnia
804 2319 985 2380 consuetodo
1006 2318 1093 2380 ctiam
1119 2318 1183 2380 im·

171 2403 378 2466 memorialisb
398 2406 429 2464 S.
448 2404 481 2462 C.
502 2401 608 2481 sopiirs
628 2403 785 2483 reprobata
809 2413 862 2463 est.
887 2404 964 2467 lbid.
978 2423 1010 2464 ιι.
1027 2405 1125 2464 tete.

210 2492 243 2550 ln
264 2488 478 2549 visitationibus
492 2489 739 2548 monasteriorum
757 2489 1042 2565 sanctimonialium,
1060 2506 1119 2548 non
1133 2496 1182 2548 te·

171 2582 258 2634 netur
280 2575 437 2652 Episcopus
454 2572 629 2633 denuntiare
646 2573 705 2632 illis
722 2571 802 2632 diem
814 2583 844 2632 et
865 2571 969 2632 boram
983 2572 1180 2641 visitationis,

169 2658 245 2717 sicot
258 2674 311 2716 nce
327 2666 444 2716 tenetur
471 2654 578 2716 ducere
594 2674 692 2717 socom
714 2657 895 2734 superiorem
914 2656 1080 2733 regularem
1100 2655 1182 2731 ejus·

170 2741 238 2801 dem
261 2740 383 2800 ordinis.
404 2737 480 2799 lbid.
499 2741 609 2816 n.18;
629 2747 725 2819 potest
738 2741 825 2800 etiam
834 2741 989 2818 Episcopus
1002 2739 1182 2802 monialibus

171 2824 357 2904 regularibus
375 2822 514 2900 subJectis
524 2841 635 2888 sacram
647 2823 857 2886 Eucharistiaur
869 2824 1057 2897 ministrare,
1071 2824 1096 2884 si
1109 2824 1184 2903 ipsoe

171 2910 273 2970 velint.
288 2907 365 2969 ibid.
375 2909 407 2969 9.

209 2996 243 3055 Ιιι
273 2994 447 3052 monasteria
477 2994 651 3055 monialium
689 2994 834 3055 introduci
860 3011 987 3071 pueros,
1015 3001 1046 3055 et
1068 2993 1183 3072 puellas

171 3078 285 3141 tenellae
294 3078 386 3138 utatis
397 3077 556 3139 rotandum
569 3089 629 3156 cst,
646 3098 682 3141 cx
701 3097 783 3140 more
805 3082 905 3140 llomae
924 3079 1087 3140 obtinente.
1102 3077 1182 3140 ibid.

172 3161 319 3223 uomit.
961 3160 963 3165 '
991 3194 994 3199 ·
1077 3166 1080 3171 ’

211 3247 246 3305 ln
271 3244 413 3305 electione
437 3244 671 3319 abbatissarum,
697 3266 764 3326 qooe
783 3246 904 3327 praesint
926 3246 1111 3308 monasteriis
1133 3264 1185 3307 rc·

173 3329 326 3407 gularibus
344 3329 482 3407 subjectis
496 3374 505 3402 ,
521 3339 661 3393 tenentur
673 3333 821 3410 regulares
836 3333 958 3392 mouere
980 3333 1184 3408 Episcopum,

171 3414 195 3472 si
215 3413 286 3473 velit
308 3413 448 3474 interesse
468 3414 516 3475 vel
537 3434 591 3493 per
612 3434 671 3490 se,
698 3417 746 3476 rel
770 3434 823 3495 per
843 3417 960 3485 alium,-
979 3425 1013 3475 ut
1037 3432 1073 3474 cx
1096 3432 1182 3475 cons.

173 3493 309 3572 Gregorii
328 3497 401 3557 XV.
426 3499 539 3571 n.18,
568 3500 676 3578 quibus
699 3499 787 3559 debet
817 3499 975 3578 Episcopus
992 3498 1186 3559 uraniiestarc

171 3588 253 3633 suam
275 3578 469 3642 uoluntatem.
484 3583 523 3644 At
536 3593 629 3660 potest
652 3585 807 3664 Episcopus
825 3583 855 3643 in
868 3581 986 3661 synodo
1002 3580 1183 3660 gciteralitcr
