2642 4167
197 148 256 233 590
385 171 519 254 Epitorue
533 167 671 232 doctrine·
684 163 806 230 moratu
821 172 849 229 et
865 164 1011 228 eoourire

198 268 298 350 iqua
325 289 395 330 crux
428 272 533 344 abest,
555 271 720 332 eoanmonis
747 269 891 330 sententio
918 273 1000 328 tenet
1026 264 1057 325 id
1082 261 1199 342 quidem

198 353 319 498 ppnnip}
340 354 484 500 perpetem
507 354 623 432 cuipam
651 354 802 415 inducere.
820 353 864 412 De
882 352 963 412 Sacc.
990 349 1071 409 tfiss.
1095 346 1150 408 lib.
1171 347 1199 408 t.

234 458 264 517 p.
323 483 329 497 .
365 483 372 498 .
406 482 413 497 .

617 607 774 669 cottus,

249 776 350 838 Cultus
373 779 505 857 privatus
527 776 659 854 fmpcodi
684 781 780 852 potest
804 774 864 843 iis,
885 770 937 849 qui
968 770 1103 855 nondum
1125 775 1202 835 iuter

197 861 298 921 Beatos
311 861 356 920 vei
366 860 631 937 Sanctusadscripti
642 867 725 927 sunt,
743 854 878 915 nonverd
887 854 1033 931 publicos,
1046 860 1200 918 utexeefe·

198 944 244 1004 hri
258 947 381 1004 Decreta
399 944 454 1003 sab
470 942 587 1005 Uriona
605 943 695 1005 VIII.
720 940 835 999 Certum
861 946 927 1007 eat,
951 938 1031 1015 quod
1047 941 1201 1001 confirmat
1223 987 1229 993 .

196 1025 345 1087 Benediet.
364 1027 452 1088 XIV.
467 1029 497 1086 in
525 1026 577 1085 sud
593 1024 673 1085 bufid
694 1021 936 1102 Qrecruoirjusto.
953 1023 994 1080 Ex
1018 1022 1046 1080 vi
1070 1020 1200 1099 ejusdem

197 1109 305 1170 decreti
321 1127 379 1169 raon
394 1119 489 1187 potest
502 1109 605 1169 titulus
618 1109 716 1167 Sancti
737 1107 783 1165 ref
797 1107 876 1164 Beati
892 1105 950 1163 iliis
969 1105 1094 1165 abscribi
1108 1150 1117 1176 ‚
1129 1109 1201 1168 sieut

196 1212 249 1254 nec
263 1203 357 1271 potest
371 1194 608 1254 missa'sofemnis
620 1191 657 1250 de
672 1192 722 1249 SS.
737 1190 882 1249 Trinitate
902 1190 947 1246 vei
960 1187 997 1246 de
1009 1190 1122 1249 Sanctis
1138 1210 1199 1252 om·
1276 1196 1279 1203 ’

197 1277 283 1337 nibus
300 1278 330 1336 in
346 1277 394 1337 die
410 1296 512 1338 eorum
531 1275 729 1336 anniversaria
747 1274 886 1333 celebrari
902 1317 910 1342 ,
930 1276 1006 1332 sicut
1027 1291 1080 1332 nee
1096 1291 1197 1335 corum

197 1361 378 1441 panegyricas
391 1362 545 1421 conciones
567 1360 668 1419 eadem
684 1359 732 1416 die
749 1359 778 1417 iu
794 1358 917 1417 Ecclesia
932 1356 1032 1416 fratreri
1047 1378 1056 1431 3
1072 1357 1149 1417 sicut
1166 1377 1199 1418 ex

195 1449 226 1503 st
249 1443 378 1523 ejusdem
393 1446 588 1505 Benedictinoe
608 1442 824 1501 constitutionis
841 1440 1031 1500 emortualem
1051 1443 1133 1499 diem
1146 1443 1199 1501 fes·

105 1596 112 1609 .
129 1580 134 1589 .
197 1540 260 1588 tum
279 1528 449 1588 corumdem
463 1528 569 1589 ritifnts
582 1523 683 1607 profatur
695 1522 834 1585 celebrere
847 1569 856 1598 ,
875 1533 963 1602 etque
976 1522 1010 1582 iu
1023 1540 1124 1583 eorum
1134 1522 1198 1585 lort-

194 1611 260 1674 dem
272 1609 396 1692 Ityrnuos
411 1612 564 1693 prosequi,
579 1620 746 1672 nontamen
763 1608 901 1686 peculiari
915 1608 1036 1668 collecti
1046 1610 1078 1667 in
1099 1609 1198 1673 fitauii

196 1696 336 1758 invocari.
348 1695 426 1758 Ibid.

573 1865 829 1928 DISPENSATIO.

234 2033 468 2111 Dispensationes
478 2034 572 2094 Sacrae
584 2034 809 2094 Poenitentiariae
818 2032 889 2094 cium
903 2034 1119 2114 diriguntorad
1130 2056 1197 2098 eou-

198 2119 348 2177 fessariunr
373 2134 409 2174 cx
425 2117 594 2194 approbatis
617 2117 654 2175 ab
676 2117 851 2189 OrdInario‚
877 2120 1042 2178 executioni
1067 2120 1194 2180 mandari

193 2197 327 2261 debenti
337 2199 513 2266 confessario
524 2201 686 2277 approbato
699 2201 737 2260 ab
746 2200 903 2261 Ordiuorio
917 2201 994 2261 iliius
1003 2201 1079 2273 ioci,
1095 2204 1125 2264 in
1139 2222 1207 2281 quos

195 2285 372 2362 dispensatio
390 2285 439 2344 iffa
460 2289 591 2362 praestari
604 2286 693 2347 debet
707 2331 715 2357 ,
730 2305 784 2346 nee
797 2287 874 2346 valet
892 2287 915 2344 si
930 2298 997 2346 aeta
1008 2288 1195 2347 confessarios

196 2385 255 2428 non
271 2368 324 2437 sit,
337 2368 413 2428 sicut
432 2386 485 2428 nee
500 2369 524 2428 si
541 2371 721 2447 approbatos
739 2370 831 2429 faerit
844 2368 960 2429 tantiam
974 2389 1028 2447 pro
1048 2372 1192 2441 maribus,

194 2461 226 2511 et
237 2452 414 2529 dispensatio
427 2453 572 2530 petaturia
590 2455 721 2514 soemind.
738 2456 834 2512 instit.
847 2453 953 2513 Erotes.
969 2453 1017 2513 87.
1030 2472 1114 2513 num.
1128 2456 1172 2515 51.

233 2534 307 2596 Crim
324 2536 465 2613 dirigitur
480 2539 654 2598 confessario
673 2539 810 2615 magistro
822 2539 852 2596 ia
865 2536 1027 2615 theologia,
1040 2539 1088 2597 rel
1098 2537 1194 2598 deere-

195 2630 294 2681 torum
311 2619 423 2679 doctori
438 2664 446 2687 ,
461 2622 624 2698 requiritur
642 2622 740 2680 laureo
755 2620 928 2700 theologia,
944 2621 991 2680 ref
1012 2620 1092 2697 juris
1111 2640 1194 2681 cano

195 2705 252 2763 nici
268 2705 297 2761 in
317 2704 434 2780 pubfied
452 2699 664 2779 Universitat03
678 2723 731 2764 nee
753 2705 861 2783 aperiri
883 2705 975 2764 fitcrae
996 2705 1054 2764 iffae
1075 2713 1193 2782 possunt

192 2786 209 2851 a
223 2787 349 2864 simplici
369 2787 496 2863 regulari
518 2789 713 2859 confessario,
733 2790 789 2848 uisi
804 2799 902 2850 tamen
920 2788 1023 2867 religio
1040 2789 1090 2849 iffa
1106 2791 1194 2866 privi-

193 2870 303 2948 legium
314 2870 433 2948 aliquod
447 2872 481 2930 ed
494 2873 531 2931 de
547 2890 580 2931 re
596 2864 769 2932 obtinuerit.
779 2873 823 2933 lb.
838 2893 869 2933 n.
885 2876 934 2934 ff.

231 2956 261 3014 Si
276 2955 363 3014 semel
382 2965 516 3036 apertum
534 2957 624 3015 fuerit
640 2957 728 3015 fruere
750 2957 959 3019 Poenitentiarii
976 2956 1058 3016 abeo
1070 2957 1120 3034 qui
1134 2972 1192 3013 uon

193 3035 281 3097 hebet
291 3039 410 3099 titulum
426 3039 617 3115 requisitum,
629 3057 689 3099 uon
701 3038 767 3100 idcir
777 3051 873 3100 tamen
888 3041 1008 3101 vitiator
1020 3040 1192 3115 rescriptum

193 3121 241 3180 sed
256 3120 363 3180 suffieit
379 3121 402 3180 si
417 3123 501 3181 alteri
514 3120 632 3181 habenti
646 3124 787 3200 requisita
801 3125 996 3200 consignetur.
1009 3121 1085 3180 ibid.
1097 3140 1128 3179 n.
1142 3121 1191 3178 55.

230 3205 260 3266 Si
273 3206 361 3265 semol
372 3206 480 3266 efectus
500 3207 588 3266 fuerit
600 3219 756 3276 executor,
771 3216 865 3284 potest
877 3205 1071 3266 nihilominus
1082 3225 1117 3265 ex
1130 3223 1194 3285 pro

192 3287 281 3348 habiti
300 3290 444 3349 sententia
459 3289 587 3367 variari,
601 3308 781 3369 quoiusquam
794 3307 854 3350 uon
864 3287 960 3349 desint
971 3289 1124 3362 dectores,
1141 3291 1194 3365 qui

191 3372 357 3448 oppositum
372 3374 542 3450 opinentur.
557 3374 632 3434 lbid.

229 3456 372 3514 Executor
387 3458 542 3517 certiorem
557 3476 588 3517 se
599 3459 722 3518 reddere
741 3457 828 3518 debet
839 3458 876 3517 de
887 3456 1009 3517 veritate
1022 3475 1195 3529 causarum,

192 3551 225 3589 ex
240 3534 347 3609 quibos
360 3537 476 3599 obtenta
487 3541 663 3620 dispensatio
679 3551 721 3603 est
734 3563 743 3622 3
754 3560 813 3603 non
826 3550 924 3605 tamen
938 3541 1086 3618 requisitis
1099 3541 1198 3600 aliun-
