2642 4167
187 276 246 342 stt
369 268 504 357 Epitems
522 276 662 338 doetrinae
679 272 801 337 mosella
815 283 844 337 et
861 276 1010 336 eonotn'ws

224 380 297 439 item
309 379 405 440 necde
418 377 607 455 indulgentiis
621 378 754 437 Eeelesiae
768 376 985 447 lateranensis,
995 390 1068 453 quas
1080 389 1191 454 appro-

185 459 283 534 bavit,
298 471 328 522 et
340 480 378 522 ex
388 462 502 539 integro
512 461 651 522 concessit
663 458 837 521 Benedictus
850 460 941 521 XIV.
951 458 982 519 in
996 457 1093 534 balli,
1107 459 1192 519 Assi-

184 541 252 606 dues
260 543 478 607 sollicitudinis.
492 545 568 603 lbid.

225 630 424 709 indulgentias
436 629 470 690 itt
486 625 586 708 [nemo
592 624 713 708 jottlaet
726 645 874 689 concessas
896 627 1046 704 abrogavit
1060 624 1191 688 Clemens

189 712 293 783 vm,
315 715 424 792 aliique
445 714 567 792 qnidam
584 712 761 783 Pontifices,
778 731 870 789 quare
893 713 918 770 si
941 710 1017 770 lorti
1036 721 1140 789 agatur
1152 713 1191 770 de

185 795 282 875 aliqui
291 798 422 877 ejusdem
434 798 544 858 tenoris
555 797 737 874 indulgentie
748 841 757 866 ‚
769 795 929 856 ridendum
944 795 1000 854 erit
1014 839 1023 867 ,
1038 793 1111 855 mim
1125 803 1192 873 post

185 898 218 942 ea
243 881 358 942 decreta
384 898 517 942 concessa
541 881 649 954 luerit,
668 890 701 940 ut
724 899 760 940 ex
785 882 922 940 Tractatu
939 879 977 938 de
999 879 1192 957 indulgentiis

187 966 223 1025 P.
238 963 397 1038 Theodori,
412 972 489 1040 part.
504 965 534 1024 Ξ.
548 982 573 1023 o.
586 966 615 1023 i.
628 963 656 1043 §
671 967 700 1023 ἲ.
715 965 759 1023 lb.
778 982 809 1022 n.
820 965 849 1023 t.

151 1102 155 1107 .
226 1044 354 1107 Cleteiens
365 1049 442 1108 ΧΗ.
460 1048 492 1108 in
508 1065 562 1107 suo
582 1048 668 1106 Brevi
690 1049 758 1108 dato
771 1047 819 1107 dio
831 1049 879 1107 tt.
900 1047 975 1123 Aug.
988 1047 1076 1107 1756.
1090 1046 1192 1107 indul·

185 1130 314 1209 gentiam
330 1131 493 1209 plenariam
505 1176 513 1200 ‚
527 1131 576 1191 die
590 1131 626 1190 sd
646 1132 765 1192 libitum
780 1130 937 1208 quotannis
950 1131 1085 1208 eligenda
1098 1173 1107 1207 ,
1119 1150 1193 1191 een·

186 1214 272 1274 cessit
287 1213 324 1273 iis
339 1258 347 1284 ,
364 1215 415 1292 qui
438 1233 516 1274 anno
531 1216 646 1293 integro
664 1215 701 1274 ad
723 1214 840 1291 pulsum
858 1232 1006 1291 campanae
1019 1215 1074 1272 sub
1086 1213 1194 1274 heram

186 1298 280 1359 noetis
299 1299 488 1358 recitaverint
507 1300 579 1378 psal.
595 1302 639 1359 De
652 1295 831 1380 profundis,
850 1297 897 1356 rol
909 1297 999 1357 semel
1018 1299 1193 1357 Orationem

91 1448 95 1457 ‚
187 1378 1198 1461 dominicam,etSolntatlonemangelicameumversienloiiequlem

188 1467 220 1525 in
241 1464 414 1544 suffragium
433 1465 662 1541 detunctorum
688 1464 850 1525 ‹luarnrodd
874 1464 907 1522 ed
930 1465 978 1525 dle
997 1468 1140 1535 confessi,
1161 1473 1196 1525 ot

187 1551 396 1610 communione
424 1549 546 1620 relecti,
578 1568 679 1628 preces
711 1552 772 1627 pias
792 1549 952 1609 effoderint
974 1567 1029 1627 pro
1052 1560 1195 1610 consueto

189 1652 284 1695 mere.
300 1635 429 1713 Singulis
452 1632 522 1695 vend
543 1634 646 1694 diebus
668 1635 752 1696 toties
773 1635 888 1710 quoties
907 1635 1022 1693 cosdem
1046 1636 1197 1694 orationes

187 1716 224 1776 ad
240 1716 355 1795 signum
370 1717 549 1794 earoipannloe
569 1719 722 1777 recitantes
735 1724 852 1776 eentum
868 1715 1120 1796 indulgentiarum
1129 1718 1197 1778 dies

188 1812 417 1882 consequuntur.
431 1803 529 1863 instit.
540 1804 648 1864 Eeeles.
666 1805 715 1863 ot.
727 1821 759 1863 n.
772 1804 802 1863 5.

566 1988 811 2049 INFIDELITAS.

228 2167 315 2245 Signa
331 2171 519 2246 protestative
539 2168 721 2230 infidelitatis
738 2170 800 2230 haec
814 2172 924 2231 indicat
940 2173 1072 2231 Pontifex
1085 2173 1118 2231 in
1131 2177 1205 2236 suis

194 2250 322 2311 decretis
339 2272 394 2331 pro
410 2254 511 2315 incolis
522 2254 607 2331 regni
628 2257 759 2331 Servio,
784 2255 992 2333 insipientibus
1005 2258 1205 2317 Interamni-

186 2352 288 2414 penns.
299 2338 423 2397 Nomina
442 2338 562 2397 Tureiea
573 2354 741 2410 assumere,
759 2339 922 2399 italidelinm
936 2341 1062 2417 templa,
1081 2342 1225 2402 seilicet-

188 2417 343 2479 ltosehoeas
365 2420 571 2497 frequentare,
589 2421 772 2511 jejuniorum
792 2423 854 2482 dies
875 2442 928 2501 per
952 2424 1085 2483 carnium
1108 2442 1203 2486 osum

188 2503 345 2579 profanare
362 2504 399 2563 ad
416 2504 574 2574 edentum,
593 2514 627 2565 dt
644 2504 844 2565 ltohumetani
870 2506 1038 2566 credantur.
1065 2509 1206 2569 Damnat

188 2586 279 2645 etism
300 2588 410 2661 pecmfi
431 2588 496 2647 illos
518 2589 569 2666 qui
592 2607 628 2648 ex
650 2587 704 2649 hie
723 2590 783 2648 riti
803 2591 955 2668 migraturi
977 2591 1116 2649 cadavera
1142 2611 1206 2652 sna

189 2669 353 2731 Tuscorum
365 2672 525 2750 sepulmroe
539 2674 768 2746 demandarent,
785 2691 852 2734 eum
869 2675 992 2736 istorum
1008 2676 1207 2752 assistentis,

189 2753 440 2816 etmalaumatieis
450 2754 591 2817 adhibitis
608 2758 725 2817 titilius.

576 2941 801 3002 lNTERDlCTl.

227 3118 377 3181 interdicti
388 3119 425 3179 ab
438 3122 570 3198 ingressu
583 3122 714 3181 Ecclesiae
727 3123 859 3183 assistere
875 3144 934 3186 non
951 3135 1072 3204 possunt
1084 3129 1209 3208 missae,

188 3203 338 3263 etdlvlnls
355 3202 457 3262 nffieits
471 3225 481 3279 3
495 3221 590 3280 neque
607 3223 705 3263 eoram
721 3206 778 3264 illis
791 3217 887 3284 potest
898 3211 984 3270 missa
999 3211 1150 3274 celebrari
1173 3218 1212 3276 in

191 3287 329 3346 Ecclesid.
340 3287 456 3365 Spectat
477 3286 548 3347 verli
566 3287 602 3346 ad
622 3290 914 3352 ministrosEeelesiae
935 3293 1000 3352 illos
1016 3294 1126 3371 ejicere
1143 3320 1157 3374 3
1184 3301 1212 3360 si

188 3376 286 3429 tamen
308 3369 353 3427 vis
373 3368 535 3429 adhibenda
558 3370 596 3429 sit
623 3390 691 3430 eum
707 3373 842 3434 searrdalo
858 3418 866 3444 ‚
885 3376 932 3434 vel
951 3378 1038 3435 etiam
1059 3378 1212 3453 trustra,
1286 3396 1287 3401 ’

188 3458 259 3509 tune
272 3469 307 3509 ex
318 3453 429 3512 Saenrez
441 3454 563 3514 docetur
579 3456 696 3514 missam
706 3454 768 3534 jam
785 3458 931 3536 ineeptam
950 3478 1009 3519 non
1026 3479 1089 3520 csse
1102 3469 1213 3528 omit-

189 3532 318 3590 tendam.
331 3536 402 3593 lnst.
415 3538 491 3595 Eeel.
506 3539 554 3596 55.
570 3556 601 3597 n.
618 3541 666 3597 ll.

227 3618 376 3682 interdicti
395 3622 431 3681 ab
452 3627 583 3706 ingressu
607 3630 760 3704 Ecclesiae,
780 3631 880 3693 ntrdnr
906 3630 971 3694 eom
993 3636 1107 3714 ingredi
1130 3659 1214 3719 pos-
