2642 4167
176 243 233 314 stt
362 250 498 334 Epitome
511 250 652 312 doctrine
665 247 988 314 amroiieetcuaoaicoe
1051 338 1052 341 Ἴ

212 353 316 415 Clerici
339 354 372 414 in
388 353 568 424 minoribus,
587 352 612 411 si
633 352 826 411 militaverint
838 352 869 412 in
888 353 966 412 beiio
981 352 1107 431 iniusto,
1124 355 1183 417 etsi

174 438 229 516 ipsi
253 438 402 498 neminem
423 436 601 505 occiderint,
621 435 666 494 rei
686 436 908 507 mutilaverint,
933 437 958 495 si
983 447 1083 511 tannen
1111 441 1183 511 ala,

175 521 205 579 in
228 521 287 597 qud
312 521 463 588 militent,
488 517 647 578 bomicidia
671 519 872 587 commiserit,
896 536 948 577 seu
973 522 1182 593 mutilaverit,

174 605 288 665 inducit
306 608 338 665 in
351 622 400 665 cos
416 604 536 664 clericos
552 601 822 681 irregularitatem:
839 603 870 660 in
891 621 927 660 eo
940 604 1019 662 cnim
1037 624 1102 674 casu
1120 606 1184 665 cic·
1288 628 1289 635 ¹

174 689 252 747 ricus
272 689 340 748 iacit
362 706 456 747 unum
476 704 581 764 eorpus
599 704 667 746 cum
690 686 794 760 soriis,
812 696 841 745 ct
855 685 977 746 ulteriirs
995 687 1045 748 det
1058 706 1184 767 operam

173 772 216 832 rei
239 772 463 832 illicitator.
480 772 508 830 8.

213 855 305 917 Porrd
325 856 349 914 si
372 855 422 915 iiie
442 854 612 915 militaverit
632 852 688 912 sub
709 871 763 913 suo
781 855 935 936 principe,
953 875 1008 917 nec
1025 857 1107 917 certd
1125 859 1185 919 sei·

172 941 267 1009 verit,
284 941 395 999 beilum
411 956 473 999 esse
496 937 662 1013 injustum,
680 955 741 996 non
764 947 881 1000 tenetur
899 961 951 1019 per
970 961 1001 1002 se
1021 943 1181 1020 indagare,

174 1020 246 1081 niun
262 1022 374 1098 justum
396 1024 453 1089 sil,
468 1040 561 1082 nosne
576 1068 584 1093 ,
602 1021 652 1080 sed
670 1031 765 1099 polest
785 1025 904 1083 credere
925 1026 1034 1085 beilum
1056 1044 1119 1085 esse
1136 1027 1186 1102 ju·

173 1115 262 1165 stum.
272 1107 315 1166 lb.
332 1126 365 1167 n.
377 1109 425 1168 17.
439 1106 521 1167 idem
535 1105 729 1184 probabiliter
741 1106 800 1164 dici
817 1118 914 1184 potest
928 1109 966 1168 de
977 1110 1083 1168 clerico
1099 1112 1184 1171 miii·

173 1198 252 1248 lente
265 1191 320 1250 sub
332 1192 428 1251 alieno
440 1191 592 1271 principe,
605 1191 675 1267 quia
688 1189 869 1265 impossibiie
879 1201 953 1252 esset
965 1194 1009 1252 iiii
1022 1193 1182 1270 indagare,

173 1270 245 1331 urim
265 1276 304 1333 sit
321 1276 431 1335 beilum
450 1275 527 1336 istud
547 1273 681 1351 justum,
695 1274 886 1349 injustumve.
900 1278 975 1337 ibid.
988 1297 1020 1336 u.
1034 1278 1083 1337 17.
1180 1306 1183 1313 ’

211 1357 241 1416 Si
256 1359 328 1420 verb
342 1361 452 1419 beilum
468 1369 542 1419 esset
555 1356 688 1435 justum,
702 1359 827 1418 clericus
846 1362 975 1420 militaus
989 1362 1013 1419 si
1027 1370 1125 1421 certus
1140 1364 1185 1423 sit

173 1442 325 1502 moraliter
347 1462 378 1502 se
398 1445 548 1503 neminem
565 1442 723 1511 occidisse,
738 1443 786 1501 vei
806 1441 972 1521 mritiiasse,
989 1445 1102 1503 etiamsi
1121 1447 1185 1504 boc

171 1521 280 1584 luctum
299 1526 424 1586 lueritb
446 1528 550 1594 sociis,
571 1544 631 1585 non
652 1525 755 1584 incidit
777 1528 808 1585 in
832 1528 1067 1605 irregularitem,
1087 1538 1123 1587 ut
1141 1546 1183 1587 ex

173 1624 236 1683 cap.
250 1610 375 1687 Potitio,
394 1609 599 1678 deitomict‘dio
618 1607 798 1670 oolurrlorio.
814 1613 858 1670 ib.
877 1632 908 1671 n.
925 1616 970 1672 10.

212 1692 339 1754 uenum
358 1696 381 1754 si
403 1695 515 1754 beilum
535 1695 573 1752 sit
590 1692 725 1771 justum,
739 1702 769 1751 et
784 1694 990 1764 delensirurn,
1011 1697 1035 1755 si
1054 1697 1186 1756 clericus

170 1773 269 1852 jassus
287 1788 330 1839 cst
347 1797 428 1838 arma
450 1797 572 1855 cepere,
593 1796 648 1837 nec
666 1777 810 1837 sufficiant
823 1780 859 1838 ud
873 1776 1070 1839 defensionem
1091 1782 1186 1853 laici,

174 1876 234 1919 nun
255 1862 356 1921 incidit
379 1864 410 1921 in
429 1863 696 1939 irregularitatem,
710 1863 823 1920 etiamsi
840 1864 988 1922 occiderit.
1002 1867 1045 1923 lu.
1060 1884 1091 1922 n.
1107 1867 1138 1923 9.
1186 1880 1188 1887 ·

212 1943 362 2022 illegitimi
383 1956 453 2006 sunt
476 1947 652 2024 irregulares
674 1963 710 2004 ex
728 1945 864 2016 delectu,
885 1947 1017 2024 adeoque
1038 1949 1187 2010 ordinum

70 2058 87 2085 ι
173 2035 203 2086 ct
221 2027 355 2089 benciicii
375 2031 523 2108 incapaces
535 2052 544 2103 3
556 2039 683 2089 attamen
706 2046 760 2105 pro
779 2032 943 2090 minoribus
962 2032 1132 2102 ordinibus,
1153 2042 1188 2092 ct

172 2111 323 2172 beneflciis
344 2133 403 2174 non
424 2113 602 2174 habentibus
616 2104 760 2173 annexum
773 2115 939 2174 animarum
951 2128 1068 2186 curam,
1081 2126 1188 2193 potest

172 2196 332 2275 Episcopus
353 2216 420 2257 cum
440 2199 498 2258 iilis
515 2198 705 2275 dispensare;
721 2199 839 2256 nonnisi
856 2197 927 2258 veria
938 2201 1083 2258 Romanus
1099 2202 1187 2260 Pon·

172 2282 243 2340 tifex
262 2283 294 2339 iu
312 2284 376 2343 aliis
394 2284 552 2349 omnibus,
567 2290 600 2339 ut
613 2299 647 2339 cx
667 2283 778 2360 reple
794 2283 848 2359 qui
856 2325 864 2353 ,
878 2280 913 2343 dc
923 2279 999 2360 filiis
1013 2283 1185 2363 presbyter.

172 2365 206 2425 ἐκ
223 2369 252 2426 6.
270 2369 312 2426 De
326 2370 395 2445 Syn.
411 2368 496 2427 dioee.
508 2367 529 2424 l.
543 2367 590 2424 15.
606 2384 633 2424 c.
648 2369 697 2425 st.
713 2383 743 2424 n.
759 2367 808 2425 11.
1190 2396 1192 2401 ·

212 2452 277 2510 Filii
295 2452 440 2529 illegitimi
459 2450 636 2509 clericorum
656 2451 793 2526 consequi
809 2467 867 2508 non
882 2450 1188 2529 possuntbeneficia,

172 2544 202 2596 et
224 2537 378 2613 pensiones
400 2536 431 2593 in
453 2535 605 2604 Ecclesiis,
630 2536 662 2593 in
685 2535 792 2612 quibus
815 2544 951 2612 parentes
976 2552 1076 2595 eorum
1099 2535 1191 2594 obti-

173 2630 303 2679 nuerunt
317 2619 435 2694 aliquod
451 2618 645 2688 beneficium,
665 2617 731 2676 iirbt
744 2619 900 2678 dissimile.
914 2638 1010 2696 neque
1022 2620 1052 2676 ia
1064 2618 1197 2679 eisdem·

172 2704 305 2762 Ecclesiis
325 2705 492 2762 ministrare
505 2725 513 2775 ς
532 2721 628 2779 neque
647 2703 764 2761 landem
779 2705 949 2780 pensionem
963 2704 1052 2762 uliam
1066 2700 1191 2761 halvere

172 2804 260 2864 super
275 2787 423 2847 ‘fructibus
441 2786 669 2855 beneficiorum,
683 2805 748 2862 quae
760 2788 797 2844 ab
810 2805 913 2846 eurarm
928 2787 1097 2864 parentibus
1109 2805 1192 2861 pus-
1215 2785 1219 2793 '

173 2889 246 2929 sessa
264 2879 352 2937 suut,
372 2887 409 2929 ex
429 2870 603 2928 Tridentino
621 2886 690 2929 sess.
706 2873 754 2930 ⁶25.
772 2889 835 2948 cap.
851 2872 900 2930 lb.
915 2870 949 2930 de
968 2868 1034 2947 lies.
1049 2870 1132 2927 Sicut
1155 2879 1193 2930 et

173 2956 263 3014 uuiire
280 2964 349 3013 sunt
369 2954 526 3030 reeipructu
548 2954 759 3030 resignationcs
779 2954 795 3012 b
818 2957 988 3032 parentibus
1010 2954 1122 3012 clericis
1152 2955 1191 3014 in

172 3038 301 3096 savorem
317 3037 447 3095 filiorum
465 3053 586 3094 suorum
600 3038 700 3105 lactoe,
717 3039 755 3094 ita
768 3049 801 3096 ut
815 3039 884 3117 ipsis
896 3038 964 3096 liliis
976 3036 1100 3117 ¹minime
1116 3038 1193 3096 suf·
1288 3080 1289 3083 ,

171 3121 333 3199 fragentur.
351 3123 394 3179 De
408 3121 479 3198 Syn.
494 3120 579 3178 dioec.
594 3121 617 3177 l.
633 3121 681 3179 lt.
695 3139 720 3178 c.
737 3123 785 3180 tl.
801 3139 831 3180 n.
852 3124 899 3181 15.
919 3123 998 3194 Quin
1021 3139 1073 3179 nee
1097 3119 1194 3181 lilius
1288 3128 1289 3175 ξ

172 3207 343 3285 illegitimus
354 3203 471 3283 parochi
480 3203 542 3281 jam
555 3205 685 3264 delunoli
696 3224 804 3265 munus
816 3207 979 3285 confessarii
990 3206 1073 3266 obire
1083 3214 1193 3281 polest
1288 3222 1289 3237 ³

172 3290 205 3348 in
224 3293 257 3349 ed
277 3290 424 3359 Ecclesiti,
447 3305 535 3365 quam
555 3296 639 3365 pater
657 3289 801 3366 parochus
814 3291 961 3357 obtinuit,
977 3300 1011 3349 ut
1027 3306 1062 3348 ex
1078 3289 1191 3348 verbis

172 3375 411 3451 Congregntiunis
422 3375 564 3443 vetantis,
576 3389 614 3431 ne
625 3373 678 3432 liiii
694 3376 736 3433 ilii
751 3377 781 3433 in
792 3376 957 3434 edEcciesid
967 3372 1191 3453 quoquomodo
1288 3374 1289 3377 ’

172 3458 360 3528 trainrslrorrl,
374 3466 405 3517 ot
419 3475 456 3516 ex
469 3474 610 3534 responso
628 3458 658 3514 S.
670 3461 777 3534 Congr.
794 3457 930 3518 babetur.
946 3460 989 3517 lb.
1003 3475 1034 3514 n.
1049 3457 1097 3515 lt.

212 3539 346 3598 Vicissim
366 3549 487 3610 aulem,
503 3542 529 3598 si
549 3547 632 3617 pater
646 3540 682 3599 'in
702 3544 800 3617 aiiquri
814 3542 939 3601 Ecclesiai
959 3558 1067 3599 rrrunus
1090 3544 1191 3615 gessit

172 3618 315 3691 capellani
331 3620 367 3679 ad
388 3631 498 3680 nutum
514 3622 700 3696 amarlbilis,
716 3634 812 3702 potest
831 3621 896 3700 rjus
914 3625 992 3684 filius
1007 3622 1190 3700 illegitimus
