2642 4167
396 185 595 268 exoperibus
611 185 888 251 benedicam.
1076 195 1133 257 tor

130 296 269 370 apponi-cat
289 294 460 348 testatorem
479 288 607 369 voluisse
623 288 654 347 in
675 287 807 366 quilibet
820 286 1004 351 hebdomade
1022 292 1067 352 bie
1087 295 1135 354 rol

132 384 179 435 ter
190 372 355 439 celebrari,
370 389 409 431 no
421 388 513 449 pagos
521 416 533 448 ,
550 381 600 435 aut
623 372 725 431 altario
738 369 873 450 quedam
887 373 1010 451 singolis
1024 373 1137 437 hebdo-

132 456 269 519 madibus
283 454 373 517 missi
392 466 536 516 carerent.
551 456 594 514 De
604 472 679 515 socr.
692 456 773 515 miss.
788 455 809 515 l.
826 457 855 516 5.
869 475 895 515 c.
908 457 937 517 9.
949 474 981 516 n.
992 458 1022 519 8.

170 542 201 601 si
224 540 377 601 coniercns
390 540 606 617 eleemosynam
628 538 724 598 missa
739 548 855 616 tempos
869 542 1081 618 proscripserit
1097 545 1137 604 ob

132 644 269 702 eausam,
292 643 359 702 quae
371 622 485 683 didcrri
504 641 563 682 non
580 624 689 701 possit,
703 623 836 683 sacerdos
857 641 916 682 non
933 642 1051 685 servans
1062 627 1136 689 illud

132 721 249 790 tempos
268 708 351 769 deest
364 707 536 784 obligationi
552 725 612 766 soac
622 749 631 779 ,
642 725 677 767 oc
693 716 813 768 tenetur
824 706 1040 787 eleemosynam
1051 712 1137 771 resti·
1166 754 1173 765 .,

131 803 227 855 tuere.
246 793 321 854 lbid.
338 810 369 851 n.
384 793 415 851 6.

169 876 310 940 Sacerdos
325 893 400 936 onus
414 874 524 935 babens
546 874 642 934 misse
659 876 856 952 quotidianae,
882 877 1001 938 unicam
1020 875 1137 940 tantum

133 962 252 1024 missam
270 961 416 1039 applicare
438 958 554 1036 cogitur
571 958 602 1018 in
624 959 699 1018 festo
718 961 829 1022 Naertalis
850 962 980 1023 Domini.
992 966 1039 1023 dn
1064 962 1136 1024 verb

132 1045 279 1128 parochos
296 1044 399 1104 itidem
420 1050 556 1103 tencatur
576 1050 635 1103 tres
660 1042 724 1120 ejus
745 1044 805 1104 diei
833 1045 934 1105 missas
952 1064 1007 1125 pro
1027 1047 1138 1125 populo

133 1131 296 1211 applicare,
313 1146 474 1206 numquam
491 1127 623 1186 decisum
639 1126 700 1187 bs.
712 1129 944 1206 Congregotiooe
965 1132 1135 1209 reperitur,

133 1224 251 1278 tenetur
266 1221 386 1284 tomen,
402 1220 436 1272 ot
450 1209 550 1272 obviet
563 1210 699 1271 seandalo
707 1254 719 1288 ,
744 1221 805 1273 tres
824 1214 859 1273 ed
876 1214 925 1276 dic
942 1216 1044 1276 misses
1062 1216 1137 1276 cele·

132 1301 228 1363 brare.
244 1297 321 1361 lbid.
336 1316 367 1358 n.
380 1299 426 1358 9..

171 1387 251 1447 sont
277 1383 337 1460 qoi'
357 1381 505 1452 doceam,
534 1378 584 1442 die
609 1381 899 1442 commemorationis
925 1383 1138 1446 Delunetorum

129 1485 245 1532 cessure
264 1484 339 1527 onos
351 1464 519 1543 capellanie
538 1463 718 1542 quotidianae
733 1509 741 1535 ‚
755 1464 887 1543 adeoque
909 1465 1059 1546 integrum
1075 1486 1137 1529 esse

132 1555 284 1634 eopcllono
307 1552 342 1610 ed
364 1550 413 1610 dic
432 1548 479 1609 vel
511 1566 566 1627 pro
594 1548 741 1608 deionetis
771 1550 933 1623 omnibus,
959 1551 1039 1629 qood
1062 1564 1138 1613 esset

132 1640 302 1719 optimum,
315 1634 363 1695 rel
379 1650 434 1713 pro
457 1633 572 1711 privoto
585 1630 712 1710 quodum
736 1632 875 1693 defuncto
890 1634 1045 1713 applicare.
1059 1635 1136 1697 lbid.

132 1739 218 1784 nom.
242 1722 275 1780 9.
1195 1740 1200 1753 ’

171 1803 311 1867 ῦιιιιοιιίιί
335 1803 369 1864 in
397 1799 610 1864 cathedralibus
624 1811 663 1862 et
685 1799 860 1878 collegiatis,
881 1802 933 1879 qui
963 1802 1048 1881 iuxta
1068 1821 1138 1884 prm

133 1892 276 1969 seriptum
300 1888 436 1949 Robrica
453 1887 541 1948 certis
570 1885 747 1964 quibusdam
771 1885 876 1946 diebus
909 1886 1007 1966 plores
1037 1887 1139 1951 missus

134 1993 240 2036 canere
257 1984 416 2044 teneatur,
434 1991 473 2034 an
492 1990 594 2032 omnes
611 1971 738 2032 debeant
749 1972 896 2050 applicare
907 1988 961 2051 pro
972 1972 1137 2035 beoelucto

132 2060 219 2119 ribos
232 2076 393 2135 numquam
406 2055 422 2117 9
436 2058 467 2118 S.
476 2057 619 2136 congreg.
635 2055 766 2115 decisum
778 2064 832 2131 est.
846 2056 921 2117 lbid.
935 2076 968 2118 ιι.
982 2059 1012 2119 9.

173 2143 363 2222 eleemosyna
378 2161 432 2223 pro
443 2142 538 2220 missis
553 2141 569 2203 b
588 2140 771 2220 regularibus
789 2140 969 2204 celebrandis
983 2146 1020 2206 lo
1034 2162 1138 2207 eorem

133 2226 289 2302 Ecclesiis,
311 2228 433 2294 masada
451 2235 497 2287 cst
514 2226 554 2286 ab
572 2227 734 2287 ominario
755 2225 833 2306 loci,
859 2236 895 2289 ot
911 2245 948 2290 ex
968 2228 1087 2292 decreto
1104 2231 1136 2288 S.

135 2314 278 2389 congreg.
290 2313 364 2372 lost.
383 2312 460 2373 Eccl.
472 2312 522 2372 99.
535 2329 567 2371 ιι.
579 2313 628 2372 to.

174 2396 329 2456 blissarom
343 2396 559 2475 eleemosynam
569 2394 646 2455 oltra
657 2395 852 2473 quantitatem
865 2396 903 2456 ab
909 2397 1051 2478 Episcopo
1058 2408 1137 2460 toxo·

136 2488 197 2539 tam
211 2482 327 2558 exigere
336 2497 394 2539 nnn
407 2489 530 2560 possum
541 2478 774 2539 sceerdotcstam
787 2481 948 2553 saeculares,
957 2484 1045 2562 quim
1055 2501 1138 2564 rego·

136 2565 232 2639 iures,
256 2582 324 2623 nam
343 2563 432 2624 debet
447 2563 511 2623 dori
527 2562 662 2640 quaedam
681 2568 833 2642 proportio
846 2565 925 2623 inter
945 2566 975 2625 id
993 2569 1072 2646 qood
1085 2571 1138 2630 dr'-

135 2654 187 2708 tur
199 2690 208 2716 ,
222 2656 253 2707 ct
273 2647 354 2724 qood
373 2648 539 2726 accipitur,
562 2645 638 2706 banc
656 2658 755 2707 eutem
774 2651 993 2731 proportionem
1015 2653 1139 2714 delinire

136 2731 174 2791 od
192 2731 366 2810 Episcopum
385 2740 516 2812 spectum
528 2749 620 2808 quare
637 2729 785 2807 justitiam
806 2732 1048 2796 cominutntirom
1059 2737 1139 2798 laedit

136 2813 188 2874 illc
199 2814 350 2885 sacerdos,
366 2817 418 2893 qui
434 2816 656 2894 plusexiperet.
671 2816 879 2878 Potesttamen
896 2817 969 2889 dans
981 2817 1064 2881 oltrb
1074 2822 1140 2900 plus

136 2897 209 2958 darc
220 2940 229 2967 ,
241 2907 272 2957 ct
285 2907 387 2976 petens
401 2902 502 2959 minus
522 2901 673 2976 accipere,
689 2919 869 2981 quamquam
892 2900 956 2964 lieri
973 2904 1085 2982 possit,
1106 2918 1140 2967 ot

137 2979 295 3059 aliquando
307 2980 497 3059 prohibeatur
508 2983 641 3043 sacerdos
656 2985 756 3046 minus
767 2987 898 3063 accipere
908 3030 917 3057 ,
929 3005 967 3048 oe
984 2987 1054 3049 binc
1067 3005 1139 3051 oen·

136 3064 263 3126 meloda
279 3065 485 3127 introducatur
503 3067 603 3127 nrioos
620 3067 710 3128 dandi
735 3070 768 3131 in
785 3070 988 3151 prejudicium
999 3073 1139 3137 aliorum.

136 3148 317 3210 llmeomoio
331 3148 389 3210 lati
403 3150 434 3211 in
446 3149 558 3230 Spored.
574 3150 660 3212 dioec.
675 3152 697 3211 l.
711 3155 740 3213 5.
752 3173 779 3215 c.
792 3156 822 3215 9.
836 3163 867 3215 et
883 3155 913 3216 id
928 3156 1007 3236 qued
1026 3170 1142 3237 pontre-

133 3229 187 3293 mb
205 3230 286 3303 dixi,
299 3234 492 3294 continuator
505 3252 541 3295 ex
557 3234 676 3295 decreto
692 3239 934 3319 congregationis
945 3242 1067 3303 concilii
1079 3243 1140 3305 luto

138 3313 170 3374 in
183 3316 243 3376 oni
253 3317 285 3375 S.
295 3317 428 3378 Severini
444 3316 494 3380 die
512 3319 551 3378 lb
561 3317 631 3396 julii
642 3320 729 3381 1689.
940 3392 942 3397 ,

175 3398 330 3461 olisatrum
343 3400 510 3478 stipendia,
529 3400 553 3460 si
565 3418 632 3479 que
646 3411 762 3482 occepta
775 3416 844 3468 suat
856 3424 913 3487 pro
926 3408 1139 3471 manuam

136 3480 275 3543 bratiooc
287 3483 464 3558 missorum,
479 3483 603 3547 retineri
624 3502 684 3547 oon
697 3498 844 3565 possunt,
864 3500 949 3569 porte
967 3493 1140 3554 eorumdem

137 3564 245 3709 copo
269 3566 411 3712 ‘iff''‘¹⁰¹⁵
448 3567 632 3645 morano,
660 3573 775 3635 etiamst
806 3588 874 3651 para
905 3560 1135 3718 irridendam

205 3665 264 3709 orii.
331 3693 338 3709 .
948 3658 966 3677 ''
