2642 4167
188 168 246 229 572
382 167 1001 249 Epitomedoctriuemorclisetconma’roe

101 278 116 299 ‘¹
187 270 294 344 uariis,
307 279 341 332 ut
356 290 424 333 cum
443 272 552 334 Iudeis
571 274 911 353 baptizaats‘dispeasae
930 280 1116 354 possent,ad
1129 282 1205 342 efl'c-

187 364 267 415 ctum
277 356 448 416 remanendi
459 365 610 436 tamquam
621 376 690 418 eum
704 377 795 418 uxore
808 360 938 436 legitima
949 404 957 432 ,
969 378 1037 421 cum
1050 363 1084 423 ed
1095 384 1203 436 uxore,

187 458 253 518 qaraa
270 440 360 500 fuerit
380 441 490 519 pariter
506 442 660 518 baptizata.
679 442 818 502 Eamdem
832 442 1017 520 dispensandi
1031 447 1204 509 facultatem

187 525 327 585 coacessit
339 525 497 605 Greporiua
509 526 604 586 XIII.
621 527 786 604 Episcopis,
807 525 959 604 parochis,
973 537 1004 588 et
1018 528 1036 590 t
1055 532 1203 592 socictate

187 608 256 668 Iesu
277 610 473 689 presbyteris,
490 609 525 669 ad
544 611 766 670 sacramentales
785 611 978 671 confessiones
992 613 1024 671 in
1046 614 1203 694 iis'regio-

188 691 275 751 nibus
291 694 477 772 approbatis,
491 694 588 772 quoad
609 711 676 763 eos,
690 695 742 772 qui
765 694 802 754 ab
830 695 953 772 Anglii,
974 693 1139 775 AEthiopial,
1165 718 1201 758 ae

187 776 327 848 tussitat,
349 779 380 839 in
405 779 604 856 captivitatem
626 778 768 849 adducti,
795 788 826 839 et
855 780 886 839 in
909 790 1036 840 remotas
1064 783 1202 861 regiones

186 858 275 920 delati
291 863 407 922 fucrant
418 906 427 933 ,
438 872 471 922 ut
488 881 547 922 non
563 868 731 940 expectato,
747 881 800 921 nee
812 863 955 941 requisito
969 880 1114 926 consensu
1127 886 1201 927 oon·

183 941 263 1022 jugis
281 947 313 1004 in
330 945 502 1006 infidelitate
525 947 626 1017 ducti,
655 947 880 1008 matrimonium
897 947 972 1008 inire
993 954 1108 1027 possint
1129 970 1199 1011 cum

186 1045 372 1106 quocumque
382 1030 463 1090 fideli
474 1075 482 1102 ,
498 1031 610 1090 etiamsi
622 1029 761 1108 conjuges
775 1029 907 1090 infideles
919 1031 1069 1093 declarare
1079 1043 1200 1112 possent

186 1129 217 1172 se
234 1112 314 1189 juste
333 1114 421 1174 fuisse
438 1115 612 1194 Impeditos,
633 1115 670 1174 ad
691 1115 934 1174 manifestandam
953 1134 1037 1176 suam
1060 1117 1199 1178 uolunta·

186 1204 266 1268 tem,
288 1199 335 1258 vel
358 1199 472 1259 etiamsi
491 1200 669 1277 probarent,
693 1216 724 1258 se
747 1200 836 1258 fuisse
863 1217 1019 1261 conversos
1043 1201 1080 1260 ad
1105 1202 1197 1262 fidem

186 1284 318 1359 tenr'pore
333 1283 454 1343 secundi
471 1284 665 1344 matrimonii.
687 1284 744 1342 llas
764 1284 988 1344 constitutiones
1010 1285 1090 1346 certia
1116 1305 1200 1346 enra-

186 1383 257 1427 nare
273 1369 402 1445 potuisse
425 1368 463 1428 ab
483 1369 519 1428 iis
531 1367 723 1428 Pontificibus
742 1366 806 1428 tuse
819 1368 1058 1445 demonstratum
1073 1370 1125 1431 sed
1147 1390 1199 1430 eas

186 1453 303 1512 extendi
317 1472 377 1514 non
400 1472 484 1534 posse
500 1453 538 1512 ad
553 1453 623 1512 alias
643 1452 796 1530 regiones,
816 1453 1005 1531 quantumvis
1020 1455 1131 1515 slmiles
1145 1475 1200 1516 ra·

186 1538 282 1599 tiones
293 1548 451 1618 suppetant
462 1583 471 1610 ,
484 1537 562 1599 clari
577 1545 698 1598 constat.
713 1538 811 1609 Quare
830 1538 855 1597 si
875 1537 952 1599 fortis
966 1556 1048 1598 easus
1066 1540 1197 1616 aecidat,

163 1622 167 1629 ’
186 1623 310 1700 petenda
331 1634 374 1685 est
394 1624 514 1684 facultas
531 1621 719 1701 dispensandi
733 1620 750 1681 i
766 1622 817 1681 SS.
833 1621 1036 1683 Pontificibus.
1052 1624 1096 1683 De
1117 1624 1197 1703 Syn.

187 1707 274 1768 diane.
288 1710 310 1768 l.
325 1710 410 1770 f5.e.
428 1711 479 1770 at.
494 1706 525 1769 n'.
543 1709 571 1768 5.
585 1717 616 1768 et
629 1725 692 1785 seq.

224 1792 255 1851 Si
278 1792 407 1852 iafidelis
426 1811 516 1852 unam
537 1791 692 1868 conjugem
715 1789 866 1850 infidelem
881 1789 1017 1864 duxerit,
1032 1792 1075 1852 ita
1091 1793 1200 1852 matri·

187 1877 321 1935 monium
333 1877 430 1946 valet,
450 1884 483 1936 ut
498 1876 522 1936 si
540 1876 573 1935 ct
586 1876 704 1935 vivente
714 1875 836 1933 alteram
848 1875 1077 1951 superinducat,
1090 1894 1199 1936 secuu-

185 1958 257 2019 dum
278 1961 502 2023 matrimonium
512 1961 627 2020 nullum
638 1959 695 2030 sit,
706 1958 774 2020 edm
786 1959 1010 2019 matrimonium
1025 1960 1199 2021 institutum

186 2044 242 2115 sit,
256 2053 289 2105 ut
302 2047 419 2115 unicam
431 2042 551 2106 habeat.
565 2044 640 2105 lbid.
657 2064 688 2104 n.
700 2046 731 2104 8.

224 2128 255 2187 Si
271 2129 495 2191 matrimonium
521 2132 638 2190 ineatur
658 2131 738 2190 Inter
756 2128 851 2200 duos,
867 2129 920 2206 qui
937 2146 1064 2208 pravum
1083 2127 1199 2190 laabent

185 2229 317 2273 errorem
334 2212 503 2273 substantiae
518 2213 700 2273 matrimonii
718 2222 949 2291 repugnantem,
967 2221 1001 2272 ut
1017 2214 1098 2275 inter
1115 2214 1202 2273 Graa-

186 2314 254 2368 cos,
275 2297 326 2374 qui
346 2304 464 2356 censent
487 2297 616 2375 conjugii
636 2298 789 2357 vinculum
809 2296 927 2357 dissolvi
948 2313 1001 2374 per
1022 2297 1199 2358 alterutrius

186 2379 319 2459 conjugis
332 2380 531 2449 adulterium,
551 2400 641 2458 prava
660 2380 723 2441 aaa
741 2381 843 2458 opinio
861 2397 921 2438 noa
939 2380 1031 2440 officit
1051 2380 1198 2441 validitati

186 2466 378 2526 matrimonii.
392 2467 433 2525 lta
455 2466 618 2527 resolvitS.
635 2468 670 2527 C.
686 2467 808 2527 Coueilii
824 2464 873 2524 die
893 2467 930 2525 15
952 2464 1085 2524 Ianuarii
1106 2465 1197 2525 trus.

186 2551 229 2611 Dc
239 2552 311 2629 Syn.
322 2550 407 2610 dioee.
421 2551 442 2610 l.
455 2552 503 2611 ts.
516 2569 542 2610 c.
556 2552 605 2611 22.
619 2570 649 2612 n.
664 2552 696 2614 la.

224 2633 336 2695 Verium
352 2636 374 2695 si
389 2634 452 2695 hare
467 2636 568 2714 opinio
581 2634 744 2697 deducatur
763 2635 795 2694 iu
816 2642 934 2714 paetum
955 2643 1106 2710 tamquam
1117 2650 1196 2693 eon·

185 2718 260 2779 ditio
277 2720 308 2779 in
324 2730 389 2780 actu
403 2720 524 2780 incundi
539 2720 739 2792 matrimonii,
751 2727 823 2779 tune
837 2718 1062 2778 matrimonium
1075 2718 1200 2778 nullium

186 2812 248 2875 est,
266 2803 310 2866 uti
329 2823 444 2883 semper
463 2804 566 2864 accidit
579 2801 647 2864 caim
664 2801 1049 2879 matrImonioestappositu
1063 2801 1201 2863 conditio

185 2889 354 2949 substantia
367 2888 547 2951 matrimonii
568 2906 754 2967 repugnans,
767 2906 804 2947 ex
822 2887 960 2946 decretali
981 2883 1116 2963 Grepmii
1132 2887 1199 2946 IX.

186 2992 250 3052 cap.
265 2976 309 3034 De
324 2972 484 3055 Apposits's.
508 2972 552 3033 lb.
568 2992 599 3034 n.
616 2974 645 3032 il.
664 2975 755 3047 ltine,
771 2988 860 3050 quom
881 2970 995 3044 subdo,
1011 2988 1094 3031 casus
1114 2988 1200 3030 reso·

187 3058 268 3120 lutus
285 3068 330 3120 est
342 3057 358 3117 a
372 3059 402 3117 S.
416 3058 449 3117 C.
461 3058 509 3117 die
523 3058 561 3117 20
574 3055 642 3133 ltaji
659 3057 731 3117 anni
744 3059 831 3117 aaut

224 3145 260 3203 In
275 3142 421 3214 formula,
438 3161 529 3222 quam
542 3142 710 3201 Calvinista
731 3141 762 3200 in
785 3139 931 3218 conjugiis
946 3137 1084 3198 ineundis
1108 3136 1201 3196 adlui-

185 3227 274 3297 bent,
292 3227 426 3288 minister
447 3244 586 3306 sponsum
610 3226 772 3303 interrogat
778 3270 788 3300 ,
805 3223 950 3303 accipisne
968 3220 1102 3282 illumin
1117 3241 1201 3282 uxo-

185 3317 268 3372 rem?
281 3312 439 3391 respondet
455 3312 527 3371 ille:
544 3307 668 3390 occipio.
684 3311 792 3369 Eadem
810 3309 900 3380 verba
921 3306 1113 3384 interroganti
1137 3308 1200 3366 mi·

184 3402 245 3455 stro
258 3399 366 3473 repetit
383 3415 498 3476 sponsa.
511 3397 589 3455 'l'um
613 3396 750 3455 minister
769 3391 877 3453 iterum
893 3391 930 3450 ad
941 3409 1101 3469 sponsum:
1122 3391 1201 3449 Por·

184 3497 284 3538 sonam
295 3523 303 3550 ,
315 3499 404 3557 quana
417 3499 505 3540 mortu
518 3487 613 3551 terres,
627 3497 724 3550 amas,
740 3488 770 3537 et
780 3478 886 3554 accipis
898 3494 962 3535 eam
975 3476 1006 3534 iu
1020 3480 1201 3551 perpetuom

186 3575 308 3619 uxorem
320 3603 328 3633 ,
342 3580 395 3622 nec
411 3564 444 3624 in
461 3565 523 3624 atta
544 3564 625 3624 illius
640 3564 774 3624 aerumnt
790 3561 927 3633 deseres,
952 3555 1143 3637 qaaoudusque
1164 3556 1202 3618 ia
