2642 4167
806 5 1295 50 w*

415 185 465 245 Ec
480 181 614 262 operibor
624 183 775 246 Benedicti
787 186 877 251 XIV.
1091 187 1146 251 sol

498 346 782 452 ¹tuniuonnru.

182 580 380 658 ludulgcntins
400 577 546 655 plenarios
572 577 652 636 solus
680 579 829 637 Romanus
859 577 994 638 Pontifex
1015 577 1148 639 conferre

142 674 258 744 polest,
273 665 319 724 cui
332 663 462 723 thesauri
480 661 611 720 Eccleslce
632 662 759 723 clavium
776 665 929 724 commissa
948 668 992 723 est
1004 661 1146 724 custodio.

140 752 186 809 lle
199 749 371 827 Syu.Dloee.
389 744 409 804 l.
424 749 454 805 ἓ.
470 764 496 803 c.
508 745 537 804 9.
551 763 583 803 n.
594 744 626 805 7.

155 864 158 873 ·
179 832 327 891 Omnibus
339 830 487 908 Episcopls
506 828 624 887 incultus
637 827 653 886 l
664 827 733 904 jure
748 830 919 891 conceditur
934 827 1146 906 indulgentiam

139 916 259 976 diorum
287 914 478 992 quodraginta
498 912 659 988 largiendi,
676 922 706 972 et
722 924 841 976 centum
859 916 892 975 in
914 914 1046 976 Ecclesiae
1064 910 1146 971 dedi·

139 1002 273 1068 notione,
283 1017 318 1058 cx
332 1000 401 1075 cap.
417 998 491 1056 Cum
504 994 539 1056 de
559 1014 591 1055 eo
606 996 710 1075 poenit.

180 1084 384 1143 Cordinolibus
397 1081 466 1142 vcrd
479 1091 597 1140 centum
610 1082 737 1142 dierum.
754 1085 835 1144 llonc
847 1083 917 1145 vero
933 1079 1145 1161 indulgentium

139 1170 232 1230 otium
242 1168 400 1245 lleguleres
416 1167 587 1226 lucrantur:
606 1165 674 1226 eiun
693 1185 797 1226 eorum
812 1170 960 1245 exemptio
973 1186 1033 1231 uon
1042 1164 1146 1227 debeat

138 1255 201 1316 illis
222 1253 254 1312 in
267 1252 409 1312 domnum
423 1251 566 1311 converti.
581 1252 653 1311 lnst.
667 1252 744 1311 Ecel.
761 1255 808 1312 65.
822 1273 854 1314 n.
864 1255 912 1313 ld.

178 1337 314 1396 vicarius
323 1335 499 1413 capitularis
519 1351 557 1394 ne
582 1334 780 1413 indulgentias
797 1353 998 1414 quascumque
1014 1333 1145 1395 content

137 1419 288 1483 abscindre
303 1420 401 1481 dehet.
416 1420 458 1480 lta
475 1435 512 1478 cx
531 1417 657 1480 decretis
668 1421 700 1480 S.
715 1421 748 1481 C.
769 1421 811 1481 De
827 1422 900 1498 Syn.
920 1422 1042 1480 llioeces.
1066 1419 1088 1477 l.
1112 1419 1142 1478 2.

137 1524 166 1564 c.
181 1506 212 1562 9.
224 1522 253 1563 n.
264 1506 293 1563 7.
322 1562 325 1565 ,

150 1644 154 1649 .
177 1597 237 1655 Pro
250 1594 388 1655 lucmndo
407 1563 589 1672 indulgentia
610 1614 671 1655 non
686 1597 793 1656 sufficit
812 1612 900 1674 opero
921 1595 1053 1670 injuncta
1069 1610 1144 1669 prce·

135 1691 234 1750 sture,
254 1681 291 1739 ud
306 1699 372 1756 quoe
389 1679 460 1738 ulios
482 1681 549 1756 quis
570 1689 689 1741 tenetur
715 1682 773 1741 olio
797 1683 909 1753 titulo,
937 1678 1007 1758 puli
1022 1677 1143 1754 justitioe

135 1775 196 1825 etc.
210 1760 367 1844 Eurydice
380 1763 417 1822 de
432 1765 540 1836 Qucest.
555 1765 586 1822 in
600 1764 670 1824 lub.
684 1766 772 1824 excit.
788 1764 814 1844 S.
828 1769 859 1824 l.

176 1854 400 1935 Indulgentioeir
413 1856 555 1915 Pontifice
580 1875 722 1916 concessae
735 1858 770 1916 iis
782 1901 791 1928 ,
805 1858 856 1934 qui
873 1875 941 1916 cum
966 1855 1143 1916 confessione

135 1951 166 2002 ot
178 1942 386 2000 communione
399 1941 554 1999 Ecclesiam
567 1941 695 2018 aliquam
713 1941 854 2010 visitant,
870 1959 930 2000 nou
950 1940 1091 2015 exigunt,
1110 1946 1143 1997 ut

134 2026 267 2087 Ecclesia
282 2026 418 2085 visitetur
433 2033 499 2100 post
521 2026 733 2085 consessionem
754 2035 784 2085 et
806 2027 1044 2086 communionem
1057 2044 1067 2098 3
1080 2022 1142 2081 -scd

133 2108 263 2179 sufficit,
280 2115 331 2177 ut,
347 2109 372 2168 si
385 2109 521 2167 visitetur
531 2116 599 2168 onte
611 2118 720 2169 statum
737 2110 859 2187 gratim,
874 2108 1027 2186 dispositio
1042 2116 1141 2166 tomen

134 2190 281 2251 lmbeutur
297 2191 399 2253 eddom
413 2192 461 2251 die
475 2193 633 2252 confitendi
644 2238 652 2261 ,
663 2203 693 2252 et
705 2193 960 2270 communicandi,
976 2202 1010 2254 ut
1025 2209 1061 2250 ex
1075 2191 1141 2268 plu·

134 2276 222 2335 ribus
237 2274 377 2354 theologis
390 2277 536 2336 firmetur.
552 2279 624 2339 lnst.
638 2279 716 2337 Eccl.
731 2281 780 2338 48.
798 2297 829 2337 n.
844 2281 891 2339 tu.

174 2368 209 2426 Si
223 2368 287 2444 quis
300 2368 409 2446 pluries
428 2369 508 2428 intro
515 2371 649 2430 eumdem
665 2371 742 2430 diem
757 2372 912 2430 Ecclesium
930 2369 1059 2445 aliquam
1070 2364 1139 2424 visi·

134 2447 269 2521 tavent,
284 2453 315 2511 in
328 2453 386 2531 qud
410 2462 453 2512 cst
475 2454 677 2531 indulgentia,
693 2472 753 2516 non
772 2453 838 2512 idcir
859 2456 968 2529 plurios
986 2450 1140 2525 indulgen-

135 2537 210 2597 tiam
230 2534 470 2613 acquiritrjuxln
482 2537 563 2597 decr.
582 2539 615 2605 S.
634 2540 668 2597 C.
685 2538 740 2596 sub
756 2538 859 2596 Iurene.
873 2536 1000 2596 XI..die
1020 2536 1037 2593 7
1052 2535 1138 2592 Mart.
1177 2580 1182 2585 .

136 2622 155 2678 l
218 2663 227 2682 .
255 2621 262 2634 ”
380 2622 493 2682 ratione
508 2623 616 2695 Quaest.
633 2639 689 2700 pro
712 2621 781 2680 lob.
801 2621 937 2697 acquisit.
955 2621 1040 2677 Inter
1062 2634 1141 2696 prce·

135 2705 247 2767 ierim&
453 2734 497 2797 Χ
1185 2710 1188 2721 ¹

175 2795 371 2874 Indulgentiae
386 2802 532 2878 concessor
539 2797 690 2857 Fratribus
702 2805 732 2856 et
741 2795 897 2857 Sororibus
916 2791 1008 2854 Tertii
1022 2792 1140 2854 Ordinis

133 2880 283 2942 soeculnris
304 2881 342 2941 de
351 2878 577 2993 Poenitcntid‘S.
590 2882 751 2953 Frnnoisci‚
765 2883 827 2940 sive
839 2879 1027 2956 collegialiter
1043 2878 1142 2938 viven-

136 2966 238 3035 tibus,
265 2965 381 3024 sivein
408 2963 545 3023 domibus
569 2966 714 3043 privetis,
736 2966 907 3026 reformavit
930 2962 1085 3034 Pontifex,
1109 2971 1138 3021 et

135 3048 267 3125 singulos
287 3047 474 3116 numeravit,
494 2998 606 3108 caeteiis
630 3051 768 3110 omnibus
786 3047 929 3109 revocetis
945 3049 977 3106 in
1003 3046 1083 3129 bulld
1102 3048 1139 3107 de

135 3132 213 3191 novo
233 3130 419 3191 concessione
429 3129 572 3206 ejusmodi
594 3133 854 3211 indulgentiarum.
864 3130 911 3192 dd
922 3135 1007 3193 lloru.
1020 3131 1136 3212 Pontis.

135 3218 212 3279 Sunt
224 3224 325 3276 nutem
337 3213 481 3291 ejusmodi
493 3236 501 3274 z
514 3216 698 3294 Indulgentie
708 3221 837 3299 plenario
848 3218 985 3279 confessis
997 3224 1046 3288 ,et
1058 3221 1137 3281 sacrl
1171 3265 1177 3279 .

58 3305 62 3312 '
135 3299 318 3363 Euelroristid
334 3299 448 3360 relectis
465 3299 500 3358 ed
516 3300 583 3373 die,
597 3303 654 3378 qud
665 3305 801 3365 ordinem
811 3302 1030 3379 ingrediuntur.

73 3427 79 3436 ·
176 3393 251 3452 ltem
267 3391 398 3470 plenario
418 3391 573 3464 confessis,
592 3403 623 3452 ot
638 3395 846 3454 communione
868 3393 982 3453 refectis
1001 3393 1050 3452 die
1063 3394 1136 3455 festo

136 3475 167 3532 S.
177 3476 319 3536 Finncisci
330 3474 398 3548 ‚die
407 3476 427 3533 d
437 3474 569 3535 Octobris
578 3519 586 3544 ‚
594 3478 623 3534 S.
635 3478 737 3547 Cloree,
748 3478 845 3535 Soucti
857 3477 984 3536 titularis
993 3477 1134 3552 Ecclesiae,

138 3558 280 3637 orotorIi,
295 3559 343 3620 vel
362 3557 481 3638 copelloe
497 3558 626 3634 ejusdcm
642 3561 733 3618 Tertii
751 3559 891 3631 Ordinis,
911 3559 967 3699 dig
979 3558 1136 3618 dedicatio-

928 3662 946 3700 o
968 3682 977 3700 .
