<?xml version="1.0" encoding="UTF-8"?>
<!DOCTYPE html PUBLIC "-//W3C//DTD XHTML 1.0 Transitional//EN"
    "http://www.w3.org/TR/xhtml1/DTD/xhtml1-transitional.dtd">
<html xmlns="http://www.w3.org/1999/xhtml" xml:lang="en" lang="en">
 <head>
  <title>
</title>
<meta http-equiv="Content-Type" content="text/html;charset=utf-8" />
  <meta name='ocr-system' content='tesseract 3.04.00' />
  <meta name='ocr-capabilities' content='ocr_page ocr_carea ocr_par ocr_line ocrx_word'/>
</head>
<body>
  <div class='ocr_page' id='page_1' title='image "./theologiamorali05heilgoog_0348.png"; bbox 0 0 2642 4167; ppageno 0'>
   <div class='ocr_carea' id='block_1_1' title="bbox 196 240 1006 329">
    <p class='ocr_par' dir='ltr' id='par_1_1' title="bbox 196 240 1006 329">
     <span class='ocr_line' id='line_1_1' title="bbox 196 240 1006 329; baseline -0.009 -18"><span class='ocrx_word' id='word_1_1' title='bbox 196 252 254 313; x_wconf 74' lang='lat' dir='ltr'>tlt</span> <span class='ocrx_word' id='word_1_2' title='bbox 389 250 526 329; x_wconf 79' lang='lat' dir='ltr'>Epatooto</span> <span class='ocrx_word' id='word_1_3' title='bbox 538 243 679 307; x_wconf 71' lang='lat' dir='ltr'>doctrinae</span> <span class='ocrx_word' id='word_1_4' title='bbox 693 240 1006 305; x_wconf 77' lang='lat' dir='ltr'>strornlisetcnnonicce</span> 
     </span>
    </p>
   </div>
   <div class='ocr_carea' id='block_1_2' title="bbox 188 346 1197 578">
    <p class='ocr_par' dir='ltr' id='par_1_2' title="bbox 188 346 1197 578">
     <span class='ocr_line' id='line_1_2' title="bbox 225 346 1197 426; baseline -0.003 -16"><span class='ocrx_word' id='word_1_5' title='bbox 225 347 306 410; x_wconf 81' lang='lat' dir='ltr'>ttett</span> <span class='ocrx_word' id='word_1_6' title='bbox 319 357 421 410; x_wconf 86' lang='lat' dir='ltr'>autern</span> <span class='ocrx_word' id='word_1_7' title='bbox 438 351 470 409; x_wconf 87' lang='lat' dir='ltr'>in</span> <span class='ocrx_word' id='word_1_8' title='bbox 488 350 664 409; x_wconf 83' lang='lat' dir='ltr'>sermentato</span> <span class='ocrx_word' id='word_1_9' title='bbox 678 346 890 408; x_wconf 83' lang='lat' dir='ltr'>Eucharistiam</span> <span class='ocrx_word' id='word_1_10' title='bbox 912 348 1056 406; x_wconf 88' lang='lat' dir='ltr'>conticere</span> <span class='ocrx_word' id='word_1_11' title='bbox 1076 357 1197 426; x_wconf 81' lang='lat' dir='ltr'>permit·</span> 
     </span>
     <span class='ocr_line' id='line_1_3' title="bbox 188 431 1196 578; baseline -0.002 -84"><span class='ocrx_word' id='word_1_12' title='bbox 188 434 564 578; x_wconf 43' lang='lat' dir='ltr'>{ffiriffidegcitnmen</span> <span class='ocrx_word' id='word_1_13' title='bbox 584 432 710 503; x_wconf 86' lang='lat' dir='ltr'>debent,</span> <span class='ocrx_word' id='word_1_14' title='bbox 723 433 812 492; x_wconf 89' lang='lat' dir='ltr'>etiam</span> <span class='ocrx_word' id='word_1_15' title='bbox 823 433 853 490; x_wconf 91' lang='lat' dir='ltr'>in</span> <span class='ocrx_word' id='word_1_16' title='bbox 867 449 970 510; x_wconf 81' lang='lat' dir='ltr'>azymo</span> <span class='ocrx_word' id='word_1_17' title='bbox 981 449 1045 490; x_wconf 88' lang='lat' dir='ltr'>eam</span> <span class='ocrx_word' id='word_1_18' title='bbox 1056 431 1196 492; x_wconf 87' lang='lat' dir='ltr'>veraciter</span> 
     </span>
    </p>
   </div>
   <div class='ocr_carea' id='block_1_3' title="bbox 114 604 1204 1356">
    <p class='ocr_par' dir='ltr' id='par_1_3' title="bbox 192 604 1204 854">
     <span class='ocr_line' id='line_1_4' title="bbox 227 604 1196 687; baseline -0.004 -20"><span class='ocrx_word' id='word_1_19' title='bbox 227 610 300 668; x_wconf 89' lang='lat' dir='ltr'>ltem</span> <span class='ocrx_word' id='word_1_20' title='bbox 315 611 367 687; x_wconf 89' lang='lat' dir='ltr'>qni</span> <span class='ocrx_word' id='word_1_21' title='bbox 389 611 420 670; x_wconf 91' lang='lat' dir='ltr'>in</span> <span class='ocrx_word' id='word_1_22' title='bbox 443 610 497 669; x_wconf 87' lang='lat' dir='ltr'>Dei</span> <span class='ocrx_word' id='word_1_23' title='bbox 520 606 664 667; x_wconf 86' lang='lat' dir='ltr'>charitate</span> <span class='ocrx_word' id='word_1_24' title='bbox 683 606 862 666; x_wconf 73' lang='lat' dir='ltr'>decesserint</span> <span class='ocrx_word' id='word_1_25' title='bbox 880 607 1011 666; x_wconf 88' lang='lat' dir='ltr'>nondum</span> <span class='ocrx_word' id='word_1_26' title='bbox 1037 604 1126 684; x_wconf 73' lang='lat' dir='ltr'>plene</span> <span class='ocrx_word' id='word_1_27' title='bbox 1147 624 1196 684; x_wconf 89' lang='lat' dir='ltr'>per</span> 
     </span>
     <span class='ocr_line' id='line_1_5' title="bbox 193 691 1202 771; baseline -0.003 -19"><span class='ocrx_word' id='word_1_28' title='bbox 193 693 396 770; x_wconf 86' lang='lat' dir='ltr'>poenitentiam</span> <span class='ocrx_word' id='word_1_29' title='bbox 422 693 557 771; x_wconf 80' lang='lat' dir='ltr'>purgati,</span> <span class='ocrx_word' id='word_1_30' title='bbox 584 692 749 769; x_wconf 71' lang='lat' dir='ltr'>purgatorii</span> <span class='ocrx_word' id='word_1_31' title='bbox 775 692 869 768; x_wconf 85' lang='lat' dir='ltr'>poeuis</span> <span class='ocrx_word' id='word_1_32' title='bbox 891 691 1051 769; x_wconf 80' lang='lat' dir='ltr'>expiandos</span> <span class='ocrx_word' id='word_1_33' title='bbox 1078 708 1140 750; x_wconf 84' lang='lat' dir='ltr'>esse</span> <span class='ocrx_word' id='word_1_34' title='bbox 1167 691 1202 749; x_wconf 76' lang='lat' dir='ltr'>in&#39;</span> 
     </span>
     <span class='ocr_line' id='line_1_6' title="bbox 192 773 1204 854; baseline 0.002 -23"><span class='ocrx_word' id='word_1_35' title='bbox 192 773 282 835; x_wconf 73' lang='lat' dir='ltr'>alteri</span> <span class='ocrx_word' id='word_1_36' title='bbox 298 778 381 846; x_wconf 80' lang='lat' dir='ltr'>vitri,</span> <span class='ocrx_word' id='word_1_37' title='bbox 402 777 511 854; x_wconf 88' lang='lat' dir='ltr'>quibus</span> <span class='ocrx_word' id='word_1_38' title='bbox 529 775 668 853; x_wconf 76' lang='lat' dir='ltr'>suffragia</span> <span class='ocrx_word' id='word_1_39' title='bbox 682 774 814 834; x_wconf 88' lang='lat' dir='ltr'>fidellum</span> <span class='ocrx_word' id='word_1_40' title='bbox 830 775 995 833; x_wconf 80' lang='lat' dir='ltr'>virentium</span> <span class='ocrx_word' id='word_1_41' title='bbox 1012 775 1138 850; x_wconf 87' lang='lat' dir='ltr'>prosint.</span> <span class='ocrx_word' id='word_1_42' title='bbox 1202 802 1204 805; x_wconf 90' lang='lat'>·</span> 
     </span>
    </p>

    <p class='ocr_par' dir='ltr' id='par_1_4' title="bbox 114 866 1193 1197">
     <span class='ocr_line' id='line_1_7' title="bbox 227 866 1193 947; baseline 0.003 -23"><span class='ocrx_word' id='word_1_43' title='bbox 227 866 300 927; x_wconf 89' lang='lat' dir='ltr'>item</span> <span class='ocrx_word' id='word_1_44' title='bbox 316 869 428 927; x_wconf 88' lang='lat' dir='ltr'>animas</span> <span class='ocrx_word' id='word_1_45' title='bbox 448 877 585 947; x_wconf 81' lang='lat' dir='ltr'>purgatas</span> <span class='ocrx_word' id='word_1_46' title='bbox 598 869 695 927; x_wconf 91' lang='lat' dir='ltr'>statim</span> <span class='ocrx_word' id='word_1_47' title='bbox 719 868 748 926; x_wconf 93' lang='lat' dir='ltr'>in</span> <span class='ocrx_word' id='word_1_48' title='bbox 759 867 865 926; x_wconf 88' lang='lat' dir='ltr'>eoelum</span> <span class='ocrx_word' id='word_1_49' title='bbox 879 866 969 942; x_wconf 77' lang='lat' dir='ltr'>recipi</span> <span class='ocrx_word' id='word_1_50' title='bbox 980 866 1016 923; x_wconf 89' lang='lat' dir='ltr'>nd</span> <span class='ocrx_word' id='word_1_51' title='bbox 1031 867 1193 927; x_wconf 88' lang='lat' dir='ltr'>intuitivnm</span> 
     </span>
     <span class='ocr_line' id='line_1_8' title="bbox 186 949 1189 1029; baseline 0.002 -22"><span class='ocrx_word' id='word_1_52' title='bbox 186 950 239 1010; x_wconf 80' lang='lat' dir='ltr'>net</span> <span class='ocrx_word' id='word_1_53' title='bbox 262 952 415 1011; x_wconf 81' lang='lat' dir='ltr'>visionem.</span> <span class='ocrx_word' id='word_1_54' title='bbox 441 952 496 1024; x_wconf 89' lang='lat' dir='ltr'>Qui</span> <span class='ocrx_word' id='word_1_55' title='bbox 518 949 590 1010; x_wconf 87' lang='lat' dir='ltr'>verb</span> <span class='ocrx_word' id='word_1_56' title='bbox 611 968 680 1009; x_wconf 90' lang='lat' dir='ltr'>com</span> <span class='ocrx_word' id='word_1_57' title='bbox 706 961 823 1029; x_wconf 86' lang='lat' dir='ltr'>peccato</span> <span class='ocrx_word' id='word_1_58' title='bbox 850 950 968 1008; x_wconf 87' lang='lat' dir='ltr'>mortali</span> <span class='ocrx_word' id='word_1_59' title='bbox 993 949 1189 1027; x_wconf 79' lang='lat' dir='ltr'><strong>decesserint,</strong></span> 
     </span>
     <span class='ocr_line' id='line_1_9' title="bbox 186 1030 1191 1113; baseline 0.002 -22"><span class='ocrx_word' id='word_1_60' title='bbox 186 1030 238 1092; x_wconf 89' lang='lat' dir='ltr'>hos</span> <span class='ocrx_word' id='word_1_61' title='bbox 252 1034 281 1092; x_wconf 91' lang='lat' dir='ltr'>in</span> <span class='ocrx_word' id='word_1_62' title='bbox 296 1035 402 1093; x_wconf 83' lang='lat' dir='ltr'>interni</span> <span class='ocrx_word' id='word_1_63' title='bbox 418 1052 563 1094; x_wconf 74' lang='lat' dir='ltr'>carcerem</span> <span class='ocrx_word' id='word_1_64' title='bbox 576 1035 711 1111; x_wconf 89' lang='lat' dir='ltr'>protrudi</span> <span class='ocrx_word' id='word_1_65' title='bbox 729 1034 824 1113; x_wconf 88' lang='lat' dir='ltr'>poenis</span> <span class='ocrx_word' id='word_1_66' title='bbox 846 1033 1009 1110; x_wconf 83' lang='lat' dir='ltr'>imparibus</span> <span class='ocrx_word' id='word_1_67' title='bbox 1029 1034 1191 1113; x_wconf 90' lang='lat' dir='ltr'>puniendos</span> 
     </span>
     <span class='ocr_line' id='line_1_10' title="bbox 114 1118 552 1197; baseline 0.005 -20"><span class='ocrx_word' id='word_1_68' title='bbox 114 1138 117 1145; x_wconf 73' lang='grc'><em>’</em></span> <span class='ocrx_word' id='word_1_69' title='bbox 188 1135 241 1197; x_wconf 85' lang='lat' dir='ltr'>pro</span> <span class='ocrx_word' id='word_1_70' title='bbox 256 1118 422 1196; x_wconf 87' lang='lat' dir='ltr'>imparitate</span> <span class='ocrx_word' id='word_1_71' title='bbox 437 1119 552 1179; x_wconf 80' lang='lat' dir='ltr'>delicti.</span> 
     </span>
    </p>

    <p class='ocr_par' dir='ltr' id='par_1_5' title="bbox 187 1208 1190 1356">
     <span class='ocr_line' id='line_1_11' title="bbox 225 1208 1190 1288; baseline 0 -21"><span class='ocrx_word' id='word_1_72' title='bbox 225 1210 299 1268; x_wconf 85' lang='lat' dir='ltr'>item</span> <span class='ocrx_word' id='word_1_73' title='bbox 317 1210 520 1288; x_wconf 87' lang='lat' dir='ltr'>superioribus</span> <span class='ocrx_word' id='word_1_74' title='bbox 532 1209 611 1271; x_wconf 92' lang='lat' dir='ltr'>bisce</span> <span class='ocrx_word' id='word_1_75' title='bbox 628 1208 809 1287; x_wconf 80' lang='lat' dir='ltr'>adjiciendus</span> <span class='ocrx_word' id='word_1_76' title='bbox 834 1216 877 1267; x_wconf 90' lang='lat' dir='ltr'>est</span> <span class='ocrx_word' id='word_1_77' title='bbox 898 1210 1043 1286; x_wconf 73' lang='lat' dir='ltr'>primatus</span> <span class='ocrx_word' id='word_1_78' title='bbox 1067 1209 1190 1269; x_wconf 88' lang='lat' dir='ltr'>Romani</span> 
     </span>
     <span class='ocr_line' id='line_1_12' title="bbox 187 1291 837 1356; baseline -0.002 -5"><span class='ocrx_word' id='word_1_79' title='bbox 187 1292 335 1353; x_wconf 68' lang='lat' dir='ltr'>pontificis</span> <span class='ocrx_word' id='word_1_80' title='bbox 347 1294 380 1355; x_wconf 92' lang='lat' dir='ltr'>iu</span> <span class='ocrx_word' id='word_1_81' title='bbox 396 1295 562 1355; x_wconf 86' lang='lat' dir='ltr'>universam</span> <span class='ocrx_word' id='word_1_82' title='bbox 577 1296 744 1356; x_wconf 85' lang='lat' dir='ltr'>Ecclesiam.</span> <span class='ocrx_word' id='word_1_83' title='bbox 761 1291 837 1352; x_wconf 91' lang='lat' dir='ltr'>ibid.</span> 
     </span>
    </p>
   </div>
   <div class='ocr_carea' id='block_1_4' title="bbox 594 1473 786 1532">
    <p class='ocr_par' dir='ltr' id='par_1_6' title="bbox 594 1473 786 1532">
     <span class='ocr_line' id='line_1_13' title="bbox 594 1473 786 1532; baseline -0.005 0"><span class='ocrx_word' id='word_1_84' title='bbox 594 1473 786 1532; x_wconf 84' lang='lat' dir='ltr'>llAEllETlCl.</span> 
     </span>
    </p>
   </div>
   <div class='ocr_carea' id='block_1_5' title="bbox 184 1641 1200 1955">
    <p class='ocr_par' dir='ltr' id='par_1_7' title="bbox 184 1641 1200 1955">
     <span class='ocr_line' id='line_1_14' title="bbox 227 1641 1189 1722; baseline 0 -21"><span class='ocrx_word' id='word_1_85' title='bbox 227 1641 359 1702; x_wconf 87' lang='lat' dir='ltr'>llaeretici</span> <span class='ocrx_word' id='word_1_86' title='bbox 379 1642 488 1720; x_wconf 82' lang='lat' dir='ltr'>occulti</span> <span class='ocrx_word' id='word_1_87' title='bbox 505 1643 615 1702; x_wconf 84' lang='lat' dir='ltr'>absolvi</span> <span class='ocrx_word' id='word_1_88' title='bbox 632 1650 756 1722; x_wconf 89' lang='lat' dir='ltr'>possunt</span> <span class='ocrx_word' id='word_1_89' title='bbox 774 1642 805 1701; x_wconf 91' lang='lat' dir='ltr'>in</span> <span class='ocrx_word' id='word_1_90' title='bbox 818 1643 883 1702; x_wconf 84' lang='lat' dir='ltr'>loro</span> <span class='ocrx_word' id='word_1_91' title='bbox 903 1643 1091 1703; x_wconf 75' lang='lat' dir='ltr'>conscientiae</span> <span class='ocrx_word' id='word_1_92' title='bbox 1103 1642 1121 1702; x_wconf 78' lang='lat' dir='ltr'>b</span> <span class='ocrx_word' id='word_1_93' title='bbox 1133 1661 1189 1701; x_wconf 87' lang='lat' dir='ltr'>mu·</span> 
     </span>
     <span class='ocr_line' id='line_1_15' title="bbox 184 1725 1189 1803; baseline -0.001 -18"><span class='ocrx_word' id='word_1_94' title='bbox 184 1725 244 1803; x_wconf 84' lang='lat' dir='ltr'>jori</span> <span class='ocrx_word' id='word_1_95' title='bbox 259 1727 496 1799; x_wconf 86' lang='lat' dir='ltr'>Poenitentiurio,</span> <span class='ocrx_word' id='word_1_96' title='bbox 512 1727 558 1787; x_wconf 85' lang='lat' dir='ltr'>vel</span> <span class='ocrx_word' id='word_1_97' title='bbox 579 1727 616 1786; x_wconf 90' lang='lat' dir='ltr'>de</span> <span class='ocrx_word' id='word_1_98' title='bbox 636 1727 699 1802; x_wconf 87' lang='lat' dir='ltr'>ejus</span> <span class='ocrx_word' id='word_1_99' title='bbox 720 1726 868 1786; x_wconf 87' lang='lat' dir='ltr'>mandato.</span> <span class='ocrx_word' id='word_1_100' title='bbox 883 1726 997 1786; x_wconf 86' lang='lat' dir='ltr'>Occulti</span> <span class='ocrx_word' id='word_1_101' title='bbox 1020 1726 1090 1786; x_wconf 86' lang='lat' dir='ltr'>verb</span> <span class='ocrx_word' id='word_1_102' title='bbox 1104 1735 1189 1797; x_wconf 89' lang='lat' dir='ltr'>sunt,</span> 
     </span>
     <span class='ocr_line' id='line_1_16' title="bbox 187 1809 1200 1891; baseline 0.005 -23"><span class='ocrx_word' id='word_1_103' title='bbox 187 1811 261 1887; x_wconf 90' lang='lat' dir='ltr'>qui,</span> <span class='ocrx_word' id='word_1_104' title='bbox 286 1811 340 1869; x_wconf 88' lang='lat' dir='ltr'>etsi</span> <span class='ocrx_word' id='word_1_105' title='bbox 369 1810 505 1871; x_wconf 82' lang='lat' dir='ltr'>lroercsim</span> <span class='ocrx_word' id='word_1_106' title='bbox 524 1828 607 1869; x_wconf 90' lang='lat' dir='ltr'>suam</span> <span class='ocrx_word' id='word_1_107' title='bbox 634 1811 806 1870; x_wconf 66' lang='lat' dir='ltr'>extrinsecis</span> <span class='ocrx_word' id='word_1_108' title='bbox 827 1809 939 1870; x_wconf 87' lang='lat' dir='ltr'>actibus</span> <span class='ocrx_word' id='word_1_109' title='bbox 959 1810 1200 1891; x_wconf 71' lang='lat' dir='ltr'>manifesteriut„</span> 
     </span>
     <span class='ocr_line' id='line_1_17' title="bbox 187 1893 998 1955; baseline -0.002 -2"><span class='ocrx_word' id='word_1_110' title='bbox 187 1910 274 1955; x_wconf 86' lang='lat' dir='ltr'>nemo</span> <span class='ocrx_word' id='word_1_111' title='bbox 291 1902 388 1953; x_wconf 87' lang='lat' dir='ltr'>tamen</span> <span class='ocrx_word' id='word_1_112' title='bbox 405 1895 470 1953; x_wconf 90' lang='lat' dir='ltr'>illos</span> <span class='ocrx_word' id='word_1_113' title='bbox 484 1894 569 1954; x_wconf 86' lang='lat' dir='ltr'>vidit.</span> <span class='ocrx_word' id='word_1_114' title='bbox 585 1897 627 1954; x_wconf 89' lang='lat' dir='ltr'>lta</span> <span class='ocrx_word' id='word_1_115' title='bbox 638 1894 669 1953; x_wconf 93' lang='lat' dir='ltr'>in</span> <span class='ocrx_word' id='word_1_116' title='bbox 681 1894 762 1954; x_wconf 79' lang='lat' dir='ltr'>batto</span> <span class='ocrx_word' id='word_1_117' title='bbox 773 1896 882 1954; x_wconf 82' lang='lat' dir='ltr'>Pastor</span> <span class='ocrx_word' id='word_1_118' title='bbox 895 1893 998 1953; x_wconf 81' lang='lat' dir='ltr'>bonus.</span> 
     </span>
    </p>
   </div>
   <div class='ocr_carea' id='block_1_6' title="bbox 184 1985 1196 2831">
    <p class='ocr_par' dir='ltr' id='par_1_8' title="bbox 185 1985 1188 2402">
     <span class='ocr_line' id='line_1_18' title="bbox 225 1985 1188 2063; baseline 0.005 -20"><span class='ocrx_word' id='word_1_119' title='bbox 225 1985 323 2045; x_wconf 87' lang='lat' dir='ltr'>Potest</span> <span class='ocrx_word' id='word_1_120' title='bbox 340 1986 428 2046; x_wconf 86' lang='lat' dir='ltr'>etiam</span> <span class='ocrx_word' id='word_1_121' title='bbox 447 1985 541 2063; x_wconf 88' lang='lat' dir='ltr'>major</span> <span class='ocrx_word' id='word_1_122' title='bbox 557 1988 795 2048; x_wconf 81' lang='lat' dir='ltr'>Poenitentiarius</span> <span class='ocrx_word' id='word_1_123' title='bbox 808 1988 840 2046; x_wconf 92' lang='lat' dir='ltr'>in</span> <span class='ocrx_word' id='word_1_124' title='bbox 858 1987 923 2046; x_wconf 86' lang='lat' dir='ltr'>soro</span> <span class='ocrx_word' id='word_1_125' title='bbox 943 1987 1188 2048; x_wconf 79' lang='lat' dir='ltr'>conscicntiaeab·</span> 
     </span>
     <span class='ocr_line' id='line_1_19' title="bbox 185 2069 1188 2150; baseline 0.005 -21"><span class='ocrx_word' id='word_1_126' title='bbox 185 2069 298 2129; x_wconf 85' lang='lat' dir='ltr'>solvcre</span> <span class='ocrx_word' id='word_1_127' title='bbox 314 2071 446 2148; x_wconf 89' lang='lat' dir='ltr'>publicos</span> <span class='ocrx_word' id='word_1_128' title='bbox 457 2070 626 2142; x_wconf 84' lang='lat' dir='ltr'>haereticos,</span> <span class='ocrx_word' id='word_1_129' title='bbox 639 2091 691 2131; x_wconf 91' lang='lat' dir='ltr'>scu</span> <span class='ocrx_word' id='word_1_130' title='bbox 709 2082 854 2150; x_wconf 84' lang='lat' dir='ltr'>apostatas</span> <span class='ocrx_word' id='word_1_131' title='bbox 874 2071 889 2131; x_wconf 82' lang='lat' dir='ltr'>t</span> <span class='ocrx_word' id='word_1_132' title='bbox 912 2072 989 2143; x_wconf 75' lang='lat' dir='ltr'>licie,</span> <span class='ocrx_word' id='word_1_133' title='bbox 1003 2073 1123 2149; x_wconf 88' lang='lat' dir='ltr'>quaudo</span> <span class='ocrx_word' id='word_1_134' title='bbox 1140 2092 1188 2133; x_wconf 82' lang='lat' dir='ltr'>ne·</span> 
     </span>
     <span class='ocr_line' id='line_1_20' title="bbox 185 2155 1186 2233; baseline 0.004 -21"><span class='ocrx_word' id='word_1_135' title='bbox 185 2170 262 2212; x_wconf 77' lang='lat' dir='ltr'>cesse</span> <span class='ocrx_word' id='word_1_136' title='bbox 274 2171 332 2212; x_wconf 92' lang='lat' dir='ltr'>nnn</span> <span class='ocrx_word' id='word_1_137' title='bbox 344 2163 388 2213; x_wconf 89' lang='lat' dir='ltr'>cst</span> <span class='ocrx_word' id='word_1_138' title='bbox 404 2157 558 2232; x_wconf 89' lang='lat' dir='ltr'>complices</span> <span class='ocrx_word' id='word_1_139' title='bbox 569 2155 763 2229; x_wconf 86' lang='lat' dir='ltr'>denuntiare,</span> <span class='ocrx_word' id='word_1_140' title='bbox 777 2158 834 2215; x_wconf 89' lang='lat' dir='ltr'>illis</span> <span class='ocrx_word' id='word_1_141' title='bbox 845 2175 952 2233; x_wconf 86' lang='lat' dir='ltr'>nempe</span> <span class='ocrx_word' id='word_1_142' title='bbox 970 2157 1114 2227; x_wconf 76' lang='lat' dir='ltr'>mortuis,</span> <span class='ocrx_word' id='word_1_143' title='bbox 1129 2159 1186 2217; x_wconf 82' lang='lat' dir='ltr'>sire</span> 
     </span>
     <span class='ocr_line' id='line_1_21' title="bbox 185 2238 1185 2318; baseline 0.005 -21"><span class='ocrx_word' id='word_1_144' title='bbox 185 2238 357 2314; x_wconf 80' lang='lat' dir='ltr'>degentibus</span> <span class='ocrx_word' id='word_1_145' title='bbox 371 2239 400 2297; x_wconf 91' lang='lat' dir='ltr'>in</span> <span class='ocrx_word' id='word_1_146' title='bbox 416 2238 487 2297; x_wconf 90' lang='lat' dir='ltr'>locis</span> <span class='ocrx_word' id='word_1_147' title='bbox 505 2239 600 2318; x_wconf 79' lang='lat' dir='ltr'>palbru</span> <span class='ocrx_word' id='word_1_148' title='bbox 616 2241 750 2315; x_wconf 78' lang='lat' dir='ltr'>inlectis3</span> <span class='ocrx_word' id='word_1_149' title='bbox 774 2259 834 2300; x_wconf 92' lang='lat' dir='ltr'>non</span> <span class='ocrx_word' id='word_1_150' title='bbox 856 2240 926 2301; x_wconf 80' lang='lat' dir='ltr'>verb</span> <span class='ocrx_word' id='word_1_151' title='bbox 948 2241 973 2300; x_wconf 92' lang='lat' dir='ltr'>si</span> <span class='ocrx_word' id='word_1_152' title='bbox 1000 2241 1044 2299; x_wconf 91' lang='lat' dir='ltr'>illi</span> <span class='ocrx_word' id='word_1_153' title='bbox 1074 2242 1185 2313; x_wconf 80' lang='lat' dir='ltr'>vivant,</span> 
     </span>
     <span class='ocr_line' id='line_1_22' title="bbox 186 2322 931 2402; baseline 0.005 -21"><span class='ocrx_word' id='word_1_154' title='bbox 186 2322 236 2381; x_wconf 93' lang='lat' dir='ltr'>ubi</span> <span class='ocrx_word' id='word_1_155' title='bbox 253 2322 450 2398; x_wconf 84' lang='lat' dir='ltr'>inquisitionis</span> <span class='ocrx_word' id='word_1_156' title='bbox 462 2323 591 2385; x_wconf 87' lang='lat' dir='ltr'>officium</span> <span class='ocrx_word' id='word_1_157' title='bbox 612 2326 700 2402; x_wconf 80' lang='lat' dir='ltr'>riget.</span> <span class='ocrx_word' id='word_1_158' title='bbox 715 2326 792 2385; x_wconf 89' lang='lat' dir='ltr'>lbid.</span> <span class='ocrx_word' id='word_1_159' title='bbox 930 2396 931 2399; x_wconf 7' lang='grc' dir='ltr'><strong>Ἴ</strong></span> 
     </span>
    </p>

    <p class='ocr_par' dir='ltr' id='par_1_9' title="bbox 184 2414 1196 2831">
     <span class='ocr_line' id='line_1_23' title="bbox 224 2414 1196 2496; baseline 0.003 -22"><span class='ocrx_word' id='word_1_160' title='bbox 224 2414 388 2491; x_wconf 84' lang='lat' dir='ltr'>Principes.</span> <span class='ocrx_word' id='word_1_161' title='bbox 402 2415 448 2474; x_wconf 87' lang='lat' dir='ltr'>vel</span> <span class='ocrx_word' id='word_1_162' title='bbox 464 2417 515 2493; x_wconf 92' lang='lat' dir='ltr'>qui</span> <span class='ocrx_word' id='word_1_163' title='bbox 527 2417 634 2476; x_wconf 90' lang='lat' dir='ltr'>Vicnrii</span> <span class='ocrx_word' id='word_1_164' title='bbox 650 2418 770 2477; x_wconf 81' lang='lat' dir='ltr'>nouaine</span> <span class='ocrx_word' id='word_1_165' title='bbox 786 2419 873 2478; x_wconf 88' lang='lat' dir='ltr'>statui</span> <span class='ocrx_word' id='word_1_166' title='bbox 886 2427 1019 2496; x_wconf 70' lang='lat' dir='ltr'>presunt</span> <span class='ocrx_word' id='word_1_167' title='bbox 1029 2461 1037 2490; x_wconf 79' lang='grc'>,</span> <span class='ocrx_word' id='word_1_168' title='bbox 1047 2418 1196 2488; x_wconf 89' lang='lat' dir='ltr'>dominia,-</span> 
     </span>
     <span class='ocr_line' id='line_1_24' title="bbox 185 2498 1187 2578; baseline 0.003 -19"><span class='ocrx_word' id='word_1_169' title='bbox 185 2508 215 2559; x_wconf 89' lang='lat' dir='ltr'>et</span> <span class='ocrx_word' id='word_1_170' title='bbox 229 2498 419 2576; x_wconf 75' lang='lat' dir='ltr'>respublica,</span> <span class='ocrx_word' id='word_1_171' title='bbox 432 2500 612 2578; x_wconf 87' lang='lat' dir='ltr'>illarumque</span> <span class='ocrx_word' id='word_1_172' title='bbox 628 2501 899 2570; x_wconf 84' lang='lat' dir='ltr'>administratores,</span> <span class='ocrx_word' id='word_1_173' title='bbox 915 2502 971 2559; x_wconf 70' lang='lat' dir='ltr'>rel</span> <span class='ocrx_word' id='word_1_174' title='bbox 992 2503 1043 2578; x_wconf 90' lang='lat' dir='ltr'>qul</span> <span class='ocrx_word' id='word_1_175' title='bbox 1065 2501 1187 2562; x_wconf 87' lang='lat' dir='ltr'>admini-</span> 
     </span>
     <span class='ocr_line' id='line_1_25' title="bbox 184 2581 1183 2663; baseline 0.003 -22"><span class='ocrx_word' id='word_1_176' title='bbox 184 2584 355 2643; x_wconf 87' lang='lat' dir='ltr'>strationem</span> <span class='ocrx_word' id='word_1_177' title='bbox 383 2581 491 2644; x_wconf 78' lang='lat' dir='ltr'>habere</span> <span class='ocrx_word' id='word_1_178' title='bbox 516 2586 629 2653; x_wconf 85' lang='lat' dir='ltr'>solent,</span> <span class='ocrx_word' id='word_1_179' title='bbox 647 2585 802 2663; x_wconf 84' lang='lat' dir='ltr'>Episcopi,</span> <span class='ocrx_word' id='word_1_180' title='bbox 818 2594 848 2645; x_wconf 90' lang='lat' dir='ltr'>et</span> <span class='ocrx_word' id='word_1_181' title='bbox 864 2586 1031 2663; x_wconf 85' lang='lat' dir='ltr'>superiores</span> <span class='ocrx_word' id='word_1_182' title='bbox 1053 2586 1183 2654; x_wconf 85' lang='lat' dir='ltr'>Praelati,</span> 
     </span>
     <span class='ocr_line' id='line_1_26' title="bbox 185 2667 1195 2745; baseline 0.009 -20"><span class='ocrx_word' id='word_1_183' title='bbox 185 2669 215 2725; x_wconf 91' lang='lat' dir='ltr'>iu</span> <span class='ocrx_word' id='word_1_184' title='bbox 228 2667 341 2725; x_wconf 88' lang='lat' dir='ltr'>casibus</span> <span class='ocrx_word' id='word_1_185' title='bbox 358 2668 482 2745; x_wconf 88' lang='lat' dir='ltr'>publicis</span> <span class='ocrx_word' id='word_1_186' title='bbox 497 2670 641 2728; x_wconf 83' lang='lat' dir='ltr'>contentis</span> <span class='ocrx_word' id='word_1_187' title='bbox 659 2669 691 2727; x_wconf 92' lang='lat' dir='ltr'>in</span> <span class='ocrx_word' id='word_1_188' title='bbox 708 2670 787 2729; x_wconf 81' lang='lat' dir='ltr'>bullat</span> <span class='ocrx_word' id='word_1_189' title='bbox 812 2672 906 2731; x_wconf 78' lang='lat' dir='ltr'>Coertoe</span> <span class='ocrx_word' id='word_1_190' title='bbox 927 2667 1121 2744; x_wconf 47' lang='lat' dir='ltr'>Donaini,.ah</span> <span class='ocrx_word' id='word_1_191' title='bbox 1137 2672 1195 2734; x_wconf 90' lang='lat' dir='ltr'>illo.</span> 
     </span>
     <span class='ocr_line' id='line_1_27' title="bbox 184 2751 829 2831; baseline 0.005 -21"><span class='ocrx_word' id='word_1_192' title='bbox 184 2751 292 2811; x_wconf 90' lang='lat' dir='ltr'>absolvi</span> <span class='ocrx_word' id='word_1_193' title='bbox 307 2769 491 2828; x_wconf 88' lang='lat' dir='ltr'>nequaquam</span> <span class='ocrx_word' id='word_1_194' title='bbox 504 2760 636 2828; x_wconf 88' lang='lat' dir='ltr'>possunt.</span> <span class='ocrx_word' id='word_1_195' title='bbox 651 2752 728 2811; x_wconf 90' lang='lat' dir='ltr'>lbid.</span> <span class='ocrx_word' id='word_1_196' title='bbox 744 2752 770 2831; x_wconf 82' lang='lat'>§.</span> <span class='ocrx_word' id='word_1_197' title='bbox 780 2755 829 2813; x_wconf 87' lang='lat' dir='ltr'>ll.</span> 
     </span>
    </p>
   </div>
   <div class='ocr_carea' id='block_1_7' title="bbox 182 2843 1267 3434">
    <p class='ocr_par' dir='ltr' id='par_1_10' title="bbox 182 2843 1267 3256">
     <span class='ocr_line' id='line_1_28' title="bbox 222 2843 1186 2921; baseline 0.003 -19"><span class='ocrx_word' id='word_1_198' title='bbox 222 2845 303 2903; x_wconf 88' lang='lat' dir='ltr'>Sicut</span> <span class='ocrx_word' id='word_1_199' title='bbox 323 2861 376 2902; x_wconf 88' lang='lat' dir='ltr'>nec</span> <span class='ocrx_word' id='word_1_200' title='bbox 393 2843 431 2901; x_wconf 91' lang='lat' dir='ltr'>ab</span> <span class='ocrx_word' id='word_1_201' title='bbox 444 2861 479 2904; x_wconf 89' lang='lat' dir='ltr'>eo</span> <span class='ocrx_word' id='word_1_202' title='bbox 494 2843 605 2903; x_wconf 83' lang='lat' dir='ltr'>absolvi</span> <span class='ocrx_word' id='word_1_203' title='bbox 626 2854 750 2921; x_wconf 87' lang='lat' dir='ltr'>possunt</span> <span class='ocrx_word' id='word_1_204' title='bbox 770 2847 808 2907; x_wconf 93' lang='lat' dir='ltr'>ab</span> <span class='ocrx_word' id='word_1_205' title='bbox 824 2846 940 2907; x_wconf 71' lang='lat' dir='ltr'>inconst</span> <span class='ocrx_word' id='word_1_206' title='bbox 955 2847 1078 2907; x_wconf 74' lang='lat' dir='ltr'>censura</span> <span class='ocrx_word' id='word_1_207' title='bbox 1089 2863 1186 2905; x_wconf 85' lang='lat' dir='ltr'>omnes</span> 
     </span>
     <span class='ocr_line' id='line_1_29' title="bbox 183 2926 1186 3005; baseline 0.002 -20"><span class='ocrx_word' id='word_1_208' title='bbox 183 2928 379 3005; x_wconf 83' lang='lat' dir='ltr'>quicumque,</span> <span class='ocrx_word' id='word_1_209' title='bbox 405 2926 495 2986; x_wconf 86' lang='lat' dir='ltr'>etium</span> <span class='ocrx_word' id='word_1_210' title='bbox 520 2928 552 2986; x_wconf 91' lang='lat' dir='ltr'>S.</span> <span class='ocrx_word' id='word_1_211' title='bbox 576 2929 610 2986; x_wconf 77' lang='lat' dir='ltr'>ll.</span> <span class='ocrx_word' id='word_1_212' title='bbox 640 2930 674 2986; x_wconf 85' lang='lat' dir='ltr'>E.</span> <span class='ocrx_word' id='word_1_213' title='bbox 695 2930 885 2998; x_wconf 85' lang='lat' dir='ltr'>Cardinales,</span> <span class='ocrx_word' id='word_1_214' title='bbox 911 2929 962 3005; x_wconf 92' lang='lat' dir='ltr'>qui</span> <span class='ocrx_word' id='word_1_215' title='bbox 990 2928 1109 2987; x_wconf 80' lang='lat' dir='ltr'>visente</span> <span class='ocrx_word' id='word_1_216' title='bbox 1131 2930 1186 2987; x_wconf 84' lang='lat' dir='ltr'>llo·</span> 
     </span>
     <span class='ocr_line' id='line_1_30' title="bbox 184 3008 1185 3085; baseline -0.003 -14"><span class='ocrx_word' id='word_1_217' title='bbox 184 3028 271 3071; x_wconf 85' lang='lat' dir='ltr'>urano</span> <span class='ocrx_word' id='word_1_218' title='bbox 296 3008 437 3069; x_wconf 82' lang='lat' dir='ltr'>Pontifine</span> <span class='ocrx_word' id='word_1_219' title='bbox 459 3010 495 3069; x_wconf 91' lang='lat' dir='ltr'>dc</span> <span class='ocrx_word' id='word_1_220' title='bbox 514 3010 572 3068; x_wconf 91' lang='lat' dir='ltr'>alio</span> <span class='ocrx_word' id='word_1_221' title='bbox 595 3011 750 3085; x_wconf 81' lang='lat' dir='ltr'>eligendo,</span> <span class='ocrx_word' id='word_1_222' title='bbox 773 3014 821 3072; x_wconf 78' lang='lat' dir='ltr'>rel</span> <span class='ocrx_word' id='word_1_223' title='bbox 844 3011 1026 3073; x_wconf 83' lang='lat' dir='ltr'>excludendo</span> <span class='ocrx_word' id='word_1_224' title='bbox 1046 3020 1185 3071; x_wconf 86' lang='lat' dir='ltr'>tractave-</span> 
     </span>
     <span class='ocr_line' id='line_1_31' title="bbox 182 3093 1267 3174; baseline 0.002 -20"><span class='ocrx_word' id='word_1_225' title='bbox 182 3095 263 3165; x_wconf 87' lang='lat' dir='ltr'>rint,</span> <span class='ocrx_word' id='word_1_226' title='bbox 287 3093 423 3172; x_wconf 76' lang='lat' dir='ltr'>sullragia</span> <span class='ocrx_word' id='word_1_227' title='bbox 447 3095 610 3168; x_wconf 82' lang='lat' dir='ltr'>iuivariut,</span> <span class='ocrx_word' id='word_1_228' title='bbox 633 3096 842 3174; x_wconf 83' lang='lat' dir='ltr'>ambitusque,</span> <span class='ocrx_word' id='word_1_229' title='bbox 865 3105 917 3156; x_wconf 87' lang='lat' dir='ltr'>ant</span> <span class='ocrx_word' id='word_1_230' title='bbox 942 3096 1091 3173; x_wconf 78' lang='lat' dir='ltr'>pactiones</span> <span class='ocrx_word' id='word_1_231' title='bbox 1113 3097 1185 3156; x_wconf 79' lang='lat' dir='ltr'>lece·</span> <span class='ocrx_word' id='word_1_232' title='bbox 1265 3102 1267 3171; x_wconf 66' lang='lat' dir='ltr'>l</span> 
     </span>
     <span class='ocr_line' id='line_1_32' title="bbox 183 3176 451 3256; baseline -0.004 -18"><span class='ocrx_word' id='word_1_233' title='bbox 183 3180 254 3239; x_wconf 83' lang='lat' dir='ltr'>rint.</span> <span class='ocrx_word' id='word_1_234' title='bbox 270 3177 346 3237; x_wconf 82' lang='lat' dir='ltr'>ibid.</span> <span class='ocrx_word' id='word_1_235' title='bbox 363 3176 390 3256; x_wconf 71' lang='lat' dir='ltr'>S</span> <span class='ocrx_word' id='word_1_236' title='bbox 404 3179 451 3237; x_wconf 62' lang='lat' dir='ltr'>ll.</span> 
     </span>
    </p>

    <p class='ocr_par' dir='ltr' id='par_1_11' title="bbox 184 3268 1183 3434">
     <span class='ocr_line' id='line_1_33' title="bbox 220 3268 1183 3351; baseline 0.001 -25"><span class='ocrx_word' id='word_1_237' title='bbox 220 3271 282 3344; x_wconf 74' lang='lat' dir='ltr'>lice</span> <span class='ocrx_word' id='word_1_238' title='bbox 300 3278 396 3347; x_wconf 87' lang='lat' dir='ltr'>potest</span> <span class='ocrx_word' id='word_1_239' title='bbox 406 3268 557 3329; x_wconf 85' lang='lat' dir='ltr'>absolvere</span> <span class='ocrx_word' id='word_1_240' title='bbox 572 3287 641 3342; x_wconf 88' lang='lat' dir='ltr'>eos,</span> <span class='ocrx_word' id='word_1_241' title='bbox 655 3272 707 3348; x_wconf 93' lang='lat' dir='ltr'>qui</span> <span class='ocrx_word' id='word_1_242' title='bbox 729 3290 783 3351; x_wconf 89' lang='lat' dir='ltr'>per</span> <span class='ocrx_word' id='word_1_243' title='bbox 796 3273 983 3349; x_wconf 76' lang='lat' dir='ltr'>astrologiam</span> <span class='ocrx_word' id='word_1_244' title='bbox 1001 3270 1183 3348; x_wconf 87' lang='lat' dir='ltr'>judieluriam</span> 
     </span>
     <span class='ocr_line' id='line_1_34' title="bbox 184 3353 1183 3434; baseline -0.003 -22"><span class='ocrx_word' id='word_1_245' title='bbox 184 3371 237 3431; x_wconf 91' lang='lat' dir='ltr'>per</span> <span class='ocrx_word' id='word_1_246' title='bbox 254 3369 305 3421; x_wconf 87' lang='lat' dir='ltr'>se,</span> <span class='ocrx_word' id='word_1_247' title='bbox 325 3353 372 3411; x_wconf 86' lang='lat' dir='ltr'>vol</span> <span class='ocrx_word' id='word_1_248' title='bbox 393 3370 446 3430; x_wconf 89' lang='lat' dir='ltr'>per</span> <span class='ocrx_word' id='word_1_249' title='bbox 469 3353 542 3413; x_wconf 90' lang='lat' dir='ltr'>alios</span> <span class='ocrx_word' id='word_1_250' title='bbox 562 3353 599 3413; x_wconf 88' lang='lat' dir='ltr'>dc</span> <span class='ocrx_word' id='word_1_251' title='bbox 622 3363 700 3413; x_wconf 86' lang='lat' dir='ltr'>statu</span> <span class='ocrx_word' id='word_1_252' title='bbox 722 3357 893 3434; x_wconf 71' lang='lat' dir='ltr'>reipublicae</span> <span class='ocrx_word' id='word_1_253' title='bbox 917 3355 1104 3421; x_wconf 83' lang='lat' dir='ltr'>christianae,</span> <span class='ocrx_word' id='word_1_254' title='bbox 1122 3354 1183 3411; x_wconf 84' lang='lat' dir='ltr'>sire</span> 
     </span>
    </p>
   </div>
   <div class='ocr_carea' id='block_1_8' title="bbox 183 3436 1182 3594">
    <p class='ocr_par' dir='ltr' id='par_1_12' title="bbox 183 3436 1182 3594">
     <span class='ocr_line' id='line_1_35' title="bbox 183 3436 1182 3594; baseline -0.001 -99"><span class='ocrx_word' id='word_1_255' title='bbox 183 3438 220 3531; x_wconf 76' lang='lat' dir='ltr'>de</span> <span class='ocrx_word' id='word_1_256' title='bbox 240 3436 298 3530; x_wconf 70' lang='lat' dir='ltr'>niti</span> <span class='ocrx_word' id='word_1_257' title='bbox 312 3442 468 3594; x_wconf 51' lang='lat' dir='ltr'>§regante</span> <span class='ocrx_word' id='word_1_258' title='bbox 488 3437 612 3498; x_wconf 86' lang='lat' dir='ltr'>Romani</span> <span class='ocrx_word' id='word_1_259' title='bbox 632 3438 783 3501; x_wconf 83' lang='lat' dir='ltr'>Pontificis</span> <span class='ocrx_word' id='word_1_260' title='bbox 809 3449 879 3504; x_wconf 84' lang='lat' dir='ltr'>tune</span> <span class='ocrx_word' id='word_1_261' title='bbox 910 3440 1062 3505; x_wconf 66' lang='lat' dir='ltr'>existentis</span> <span class='ocrx_word' id='word_1_262' title='bbox 1088 3437 1182 3515; x_wconf 86' lang='lat' dir='ltr'>inqui·</span> 
     </span>
     <span class='ocr_line' id='line_1_36' title="bbox 184 3527 404 3577; baseline 0.018 -4"><span class='ocrx_word' id='word_1_263' title='bbox 184 3527 297 3575; x_wconf 78' lang='lat' dir='ltr'>sierint.</span> <span class='ocrx_word' id='word_1_264' title='bbox 332 3561 339 3574; x_wconf 91' lang='lat'>.</span> <span class='ocrx_word' id='word_1_265' title='bbox 396 3560 404 3577; x_wconf 90' lang='lat'>.</span> 
     </span>
    </p>
   </div>
   <div class='ocr_carea' id='block_1_9' title="bbox 222 3606 1182 3690">
    <p class='ocr_par' dir='ltr' id='par_1_13' title="bbox 222 3606 1182 3690">
     <span class='ocr_line' id='line_1_37' title="bbox 222 3606 1182 3690; baseline 0.016 -32"><span class='ocrx_word' id='word_1_266' title='bbox 222 3606 354 3681; x_wconf 81' lang='lat' dir='ltr'>Dertiquc</span> <span class='ocrx_word' id='word_1_267' title='bbox 373 3625 468 3685; x_wconf 85' lang='lat' dir='ltr'>neque</span> <span class='ocrx_word' id='word_1_268' title='bbox 487 3619 582 3685; x_wconf 87' lang='lat' dir='ltr'>potest</span> <span class='ocrx_word' id='word_1_269' title='bbox 604 3613 635 3670; x_wconf 92' lang='lat' dir='ltr'>iu</span> <span class='ocrx_word' id='word_1_270' title='bbox 659 3614 773 3672; x_wconf 88' lang='lat' dir='ltr'>ensibus</span> <span class='ocrx_word' id='word_1_271' title='bbox 789 3613 913 3690; x_wconf 89' lang='lat' dir='ltr'>publicis</span> <span class='ocrx_word' id='word_1_272' title='bbox 933 3614 1049 3673; x_wconf 79' lang='lat' dir='ltr'>violate</span> <span class='ocrx_word' id='word_1_273' title='bbox 1077 3615 1182 3673; x_wconf 78' lang='lat' dir='ltr'>insinu-</span> 
     </span>
    </p>
   </div>
   <div class='ocr_carea' id='block_1_10' title="bbox 0 0 1326 4167">
    <p class='ocr_par' dir='ltr' id='par_1_14' title="bbox 0 0 1326 4167">
     <span class='ocr_line' id='line_1_38' title="bbox 0 0 1326 4167; baseline 0 2"><span class='ocrx_word' id='word_1_274' title='bbox 0 0 1326 4167; x_wconf 95' lang='lat' dir='ltr'> </span> 
     </span>
    </p>
   </div>
  </div>
 </body>
</html>
