2642 4167
143 183 190 242 ,19
434 181 545 244 Pacate
558 179 739 263 corafiessorii.
757 182 829 265 Cep.
846 184 876 245 1.

153 280 235 363 opud
246 280 1158 365 Deompeoptermoltarnmisericordicm,qrrdmpernimiooa
1178 337 1181 342 ,

151 368 332 428 seueritatem
344 412 352 438 ‚
364 363 437 445 quio
451 364 521 428 talis
533 364 663 447 desectus
681 367 715 427 in
726 367 900 448 porpotorio
913 367 1106 448 supplebitur.
1121 375 1157 433 Et

152 449 230 512 idern
245 450 349 511 docent
362 452 494 521 Gereon,
511 449 575 532 Coj.
587 459 617 511 et
630 449 776 529 praecipue
789 454 820 512 S.
832 452 955 528 dutum,
970 454 1021 530 qui
1034 451 1122 531 (Vide
1134 453 1155 514 1.

153 537 182 595 6.
198 554 230 595 0.
250 537 317 596 too.
336 542 362 595 et
384 537 465 616 610.)
482 537 601 596 niteam
623 535 828 614 poenitentiam
845 535 1056 614 injungendam
1073 556 1155 610 esse,

152 637 239 696 quarn
248 618 399 697 judicatur
414 619 560 698 poenitens
569 628 669 698 postea
681 617 888 679 verosimiliter
900 630 1074 680 executurus
1083 640 1155 696 esse,

152 712 182 762 et
197 722 286 781 quom
301 704 405 765 lubens
420 713 632 783 acceptaturus.
647 704 685 763 Et
702 703 726 762 si
739 704 884 781 paenitens
902 711 1080 781 protestetur
1099 705 1156 766 sibi

151 794 245 847 tantas
258 788 336 852 vires
351 805 411 850 non
429 800 508 858 esse,
526 796 560 847 ut
574 788 704 847 debitam
722 788 868 865 persolvat
880 788 1102 866 poenirentiam,
1115 793 1157 851 sic
1214 823 1217 830 ·

152 871 182 930 S.
200 869 445 951 Archiepiscopns
457 872 628 932 concludit:
644 874 726 932 Tunc
742 880 1010 952 quantumcumque
1028 870 1156 952 delique·

151 952 214 1024 rit,
238 974 299 1022 oon
321 951 400 1016 debet
424 955 535 1015 dimitti
558 957 621 1017 sine
645 952 847 1026 absolutione,
867 974 904 1016 oe
920 952 1058 1036 desperet.
1081 951 1155 1018 Cdm

150 1038 277 1098 sufficiat
296 1048 366 1099 tunc
385 1039 472 1119 (idern
494 1040 547 1118 nit)
569 1041 723 1121 imponere
743 1039 910 1116 generalem
930 1039 1154 1116 poenitentiam,

149 1141 260 1201 nempe
279 1130 374 1182 totoni
395 1123 473 1201 quod
486 1123 556 1182 boni
572 1123 664 1197 egerit
676 1167 685 1193 ‚
696 1123 865 1201 usurpando
885 1124 987 1182 eadem
1000 1124 1088 1183 verba
1102 1125 1157 1183 111·

148 1205 240 1264 tnalis
254 1226 262 1264 s
280 1206 432 1287 Quidquid
445 1206 515 1268 boui
525 1207 627 1287 operis,
638 1213 690 1265 eto.
703 1219 769 1282 quae
778 1224 867 1285 opera
880 1206 1010 1283 injuncta
1020 1208 1052 1267 in
1063 1209 1159 1267 Sacru-

152 1299 275 1359 mento,
290 1301 324 1350 ut
337 1291 421 1351 docet
432 1288 742 1369 angelicuswuodlib.
758 1292 785 1349 5.
803 1299 861 1351 ort.
876 1293 938 1367 28.)
952 1287 1063 1352 virtute
1075 1291 1157 1369 ejus-

153 1371 221 1442 dem
236 1376 433 1446 sacrementi,
448 1376 567 1453 majoris
582 1375 788 1435 ernntvaloris
805 1376 841 1435 ad
856 1376 1088 1436 satisfaciendum
1103 1392 1159 1454 pro

146 1457 285 1534 peccatis.
300 1462 372 1518 ltem
392 1460 505 1519 addunt
526 1459 719 1537 probabiliter
733 1458 868 1520 doctores
882 1460 967 1519 multi
986 1458 1105 1537 (11116.
1122 1479 1157 1520 n.

150 1543 220 1602 eto.
234 1560 262 1601 o.
274 1541 367 1622 Idem)
378 1543 486 1620 justam
500 1562 563 1604 esse
577 1557 691 1603 causam
705 1544 889 1603 diminuendi
902 1540 1120 1622 poenitentiam,
1132 1546 1159 1605 si

52 1676 59 1686 .
149 1625 300 1703 judicetur
322 1628 467 1705 poenitens
484 1627 539 1688 hoc
558 1627 645 1687 modo
659 1629 751 1703 magis
766 1627 842 1686 011101
865 1624 902 1685 ad
926 1631 1157 1686 Sacramentum.

151 1709 197 1771 Oh
209 1711 310 1789 quanti
321 1709 398 1771 valet
407 1713 521 1791 sapiens
534 1711 607 1772 illud
618 1710 772 1771 consilinm
782 1712 814 1771 S.
830 1709 947 1772 Tbomoe
956 1709 990 1769 dc
1001 1707 1160 1784 1111100000

152 1797 255 1876 (Serm.
268 1795 325 1875 fer.
339 1798 368 1855 6.
386 1803 453 1876 post
465 1800 553 1857 Doro.
568 1794 710 1871 laetarelt
726 1792 854 1854 Facilem
867 1805 959 1853 unam
970 1791 1156 1872 injunxeris,

153 1879 297 1940 acriorem
309 1876 498 1941 eorasulueris.
515 1880 638 1958 Expedit
651 1894 769 1957 quoqne
781 1923 790 1948 ,
805 1888 838 1937 nt
850 1879 994 1956 poenitens
1006 1884 1160 1954 cognoscat

151 1965 357 2043 poenitentiam
371 2008 379 2036 ‚
394 1973 683 2042 qnom’moreretor3
705 1973 859 2041 propterea
880 1971 975 2040 potest
992 1963 1077 2020 valde
1089 1976 1161 2040 pro-

152 2049 234 2109 desse
245 2093 254 2118 ,
264 2050 288 2107 si
301 2048 470 2109 indicentur
481 2049 663 2127 poenitentiae
674 2065 818 2106 canonum
827 2046 1071 2125 poenitentialium
1079 2045 1160 2123 (qua-

151 2152 219 2193 rum
233 2134 263 2192 in
278 2134 364 2193 Libro
378 2134 565 2194 notabiliores
575 2143 754 2193 annotantur
766 2131 843 2211 (Lib.
855 2132 886 2191 o.
899 2132 1027 2206 otoo).
1038 2129 1160 2190 tonabit

122 2218 127 2233 '
152 2218 262 2298 pariter
275 2217 321 2295 (ut
332 2213 403 2277 dicit
414 2220 447 2283 S.
465 2215 568 2278 Tbone.
581 2216 619 2285 de,
631 2214 757 2296 Villae.)
769 2216 890 2275 suadere
904 2216 1067 2297 graviorem
1079 2234 1090 2289 ς
1109 2231 1162 2291 po·

150 2313 211 2363 stca
228 2302 298 2362 verb
322 2299 473 2381 imponere
490 2322 554 2362 eam
574 2321 662 2380 qoam
683 2303 845 2379 prudenter
861 2300 1006 2377 judicabit
1026 2298 1043 2358 la
1060 2300 1160 2377 poeni·

150 2397 232 2448 tente
245 2386 472 2465 adimplendam.
490 2389 622 2447 insinuat
632 2389 665 2456 S.
678 2386 850 2445 Franciscus
862 2381 991 2443 Solorius
1000 2383 1156 2462 (tessaura.

60 2469 63 2473 ⁸
153 2470 239 2550 Coras.
253 2488 277 2529 e.
291 2471 346 2549 8.),
361 2481 390 2531 ct
402 2472 480 2532 idem
500 2472 656 2532 confirmat
672 2470 787 2529 llituole
807 2469 967 2527 parisiense
980 2465 1056 2547 (Lab.
1071 2468 1101 2527 6.
1122 2485 1157 2528 0.

152 2559 220 2618 509.
235 2554 312 2616 circo
324 2555 438 2634 sinent.)
454 2556 590 2634 prodesse
610 2553 721 2615 ldcired
740 2554 931 2632 poenitentem
954 2554 1157 2629 interrogare,

152 2642 174 2699 si
190 2641 245 2708 sibi
264 2639 301 2699 ad
320 2640 402 2704 illam
416 2642 618 2718 paenitentiam
642 2640 819 2699 sufficientes
836 2638 895 2696 sint
912 2637 991 2695 vires
1003 2679 1012 2704 ‚
1026 2635 1160 2711 alloquin

152 2727 182 2785 in
209 2726 296 2784 aliam
320 2725 560 2785 commutabitur.
585 2720 705 2786 iuvabit
728 2739 847 2801 quoqne
868 2719 1050 2799 aliquando,
1079 2720 1161 2778 inter

154 2827 241 2886 opera
253 2809 442 2868 satisfactoria
457 2808 588 2885 injuncto
603 2853 611 2879 ,
627 2811 780 2886 imponere
791 2803 1160 2882 aliquamsati'slsctionern

152 2910 289 2972 gravem,
306 2893 356 2951 scd
378 2909 438 2951 non
456 2894 511 2952 sub
526 2894 607 2971 gravi
620 2889 791 2970 colpallib.
807 2892 836 2948 6.
849 2886 989 2966 colet,
1006 2893 1057 2972 out
1077 2883 1159 2945 aliud

151 2994 225 3056 opus
236 2975 354 3035 aliunde
368 2986 565 3054 praeceptum,
580 2984 630 3036 aut
642 2977 775 3036 debiturn
789 2974 831 3050 (n.
844 2971 926 3050 1115.)

191 3062 239 3121 ll.
252 3061 294 3119 Ex
310 3058 366 3118 hoc
385 3059 466 3136 quod
487 3060 600 3121 dictum
613 3070 657 3120 est
670 3058 839 3135 colligitur,
853 3054 941 3130 quam
953 3051 1160 3131 imprudenter

95 3221 97 3224 ι
152 3144 265 3223 operari
282 3143 425 3221 quosdam
450 3145 658 3214 confessarios,
682 3144 732 3221 qni
760 3139 972 3219 poenitentibus
999 3140 1159 3214 imponunt

152 3232 359 3290 satisfactiones
374 3249 478 3291 eorum
491 3232 604 3291 viribus
619 3231 756 3308 impares.
770 3229 848 3301 Quot
861 3226 986 3284 istorum
998 3240 1058 3281 non
1069 3221 1161 3281 dubi·

153 3323 216 3373 tant
239 3314 389 3375 absolvere
406 3316 551 3375 recidivos
569 3314 777 3393 indispositos‚
797 3319 828 3369 et
854 3326 914 3368 eos·
925 3308 1035 3387 pariter
1051 3304 1103 3383 qui
1126 3306 1161 3367 in

153 3398 286 3475 proxima
306 3401 454 3459 occasione
473 3399 610 3479 peccandi
629 3407 803 3472 versantur3
816 3403 846 3454 et
864 3393 1037 3470 insipienter
1052 3396 1161 3465 putent

152 3498 202 3541 cos
214 3500 406 3560 recuperare,
428 3486 451 3544 si
474 3484 611 3562 gravibus
628 3478 837 3562 poenitcntiisa
855 3495 886 3538 se
902 3484 1038 3537 oneratos
1056 3473 1160 3568 dimit-

153 3573 239 3639 tunt,
255 3566 324 3628 lieet
349 3568 528 3647 prevideant
551 3568 613 3629 illas
632 3584 694 3627 non
714 3577 776 3627 csse
794 3571 967 3625 executuros
982 3578 991 3619 a
1004 3573 1034 3620 0.
1056 3574 1087 3637 g.
1110 3574 1161 3618 rn-
