2642 4167
175 229 215 293 98
454 225 567 289 Prusia
580 223 763 307 confessarii.
781 225 851 308 Cup.
870 225 900 313 7.4

176 328 365 411 egredietur3
386 328 437 407 qni
456 335 678 406 perseveranter
696 345 756 388 non
776 326 875 403 adjicit
894 339 1031 404 magnam
1053 329 1179 390 mortifi-

176 417 338 486 cationem,
351 422 382 475 et
399 432 488 492 super
505 411 603 473 omniu
617 413 743 473 stolidam
756 412 918 473 orationem
929 457 937 483 ,
949 416 1059 475 centies
1071 424 1102 476 et
1116 417 1180 476 mil·

176 500 231 562 lies
248 518 280 560 se
295 496 528 561 commendando
543 540 551 566 ‚
568 497 732 574 gemendo,
755 506 785 557 ct
806 497 1037 558 miscricordiam
1053 501 1179 577 petendo

176 583 364 648 adCrucifixi
384 591 414 642 ct
437 582 569 659 Dciparoe
586 581 684 659 pedes.
707 581 846 658 Alioquin
867 581 891 639 si
913 581 1010 641 anima
1035 583 1177 659 tepescit,
1252 644 1254 650 Α

176 683 207 734 ct
225 670 325 732 deficit
337 669 368 729 in
384 666 513 739 orando,
533 677 585 726 aut
602 685 633 727 se
653 665 879 738 mortificando,
894 666 966 726 dicit
987 669 1177 739 reineccius,

176 754 257 828 quod
276 755 338 834 ipsa
358 754 390 813 in
404 768 511 829 magno
529 752 587 809 crit
606 751 739 829 periculo
756 750 861 810 ruendi
880 751 984 809 saltem
996 749 1179 812 indirectein

175 841 305 918 aliquam
333 837 477 899 occultam
496 836 613 895 illarum
639 835 770 913 turpium
801 833 1028 895 delectationum
1051 837 1183 914 compta.

176 924 313 984 centium.
331 923 450 999 traque,
466 930 498 980 ut
517 917 926 986 dercniaamsadremcdia,
946 917 971 976 si
991 918 1181 979 confessarius

174 1007 308 1084 judicare
331 1013 426 1083 potest
446 1004 558 1064 nullam
575 1000 698 1063 omnind
716 1001 815 1062 adesse
834 1002 951 1079 culpam
964 1000 996 1060 in
1012 999 1066 1061 hac
1088 1012 1180 1063 tento·

177 1091 257 1156 tione
280 1107 316 1149 ex
337 1097 421 1165 parte
437 1087 626 1166 poenitentis,
648 1086 745 1163 ipsum
768 1093 837 1146 ante
862 1085 961 1144 omnia
983 1096 1103 1145 moneat
1121 1085 1181 1147 hcc

175 1172 333 1234 adhiberer
347 1169 468 1249 jugibus
482 1169 617 1249 precibus
644 1170 701 1233 sibi
723 1169 899 1240 subveniat,
919 1168 1091 1246 frequenter
1103 1170 1181 1231 inro-

176 1256 268 1317 eando
290 1256 340 1315 SS.
360 1255 480 1315 nomina
501 1256 589 1325 lesu,
608 1261 639 1313 et
661 1255 777 1313 Maria:
800 1272 832 1313 se
854 1253 1012 1332 diligenter
1034 1254 1181 1315 avertati

175 1357 314 1402 sensuum
324 1339 539 1417 voluptatibus:
552 1338 791 1397 communionem
803 1338 989 1414 frequentet:
1005 1348 1183 1417 protestetur

176 1423 252 1503 saepi
264 1425 343 1485 nolle
358 1425 523 1484 consentire
540 1425 719 1499 cuicumque
733 1423 888 1482 tentationi
901 1464 911 1496 ,
923 1431 974 1483 aut
984 1423 1182 1495 delectationi,

176 1527 264 1587 quam
280 1510 368 1588 operi
380 1507 523 1568 daemonis
538 1507 681 1566 sentiret:
695 1505 773 1584 sepia
786 1508 980 1589 utatursigno
990 1509 1183 1586 crucistillana

175 1592 296 1654 serendo
312 1609 432 1671 quoque
452 1589 563 1668 secuml
573 1634 582 1663 ,
594 1597 626 1650 et
640 1591 715 1668 aqud
736 1590 889 1651 benedieti
899 1635 908 1662 ,
920 1610 988 1652 cum
1004 1594 1065 1670 ipsi
1075 1593 1184 1653 lectum

175 1687 206 1741 et
222 1679 391 1739 cubiculum
408 1676 607 1756 aspergendo:
622 1675 724 1736 afferat
743 1677 833 1736 etiam
851 1695 951 1737 mcum
966 1678 1095 1755 aliquam
1114 1681 1183 1739 reli·

177 1765 279 1843 quiam
300 1764 494 1833 Sanctorum,
507 1767 539 1822 et
560 1762 786 1839 Evangeliorum
804 1760 916 1821 librum
931 1783 939 1820 ε
955 1779 1053 1822 secum
1072 1763 1184 1840 paritor

175 1847 312 1908 adhibeat
325 1848 502 1908 exorcismos
520 1847 672 1924 privatos,
687 1846 832 1906 dicendos
850 1845 980 1926 Spiritus
991 1864 1136 1925 aequora,
1150 1848 1184 1906 in

177 1930 294 1992 aomina
307 1933 379 1991 lesu
391 1929 502 1992 Christi
511 1930 652 2010 precipio
672 1927 726 1992 titi
740 1939 775 1991 ut
790 1932 867 1990 darre
883 1927 1034 2001 discedes,
1049 1939 1079 1991 ct
1091 1949 1129 1993 ac
1140 1949 1184 1991 otc

177 2011 306 2095 emptitio
315 2031 399 2075 occos
410 2036 421 2072 .·
434 2011 571 2074 hortetur
580 2022 743 2091 praetcrea,
759 2023 792 2074 ut
803 2025 924 2074 verutus
934 2015 984 2075 ille
997 2014 1074 2093 sapie
1091 2015 1183 2078 humi·

176 2101 284 2167 lietur,
298 2107 327 2156 et
341 2096 373 2157 in
391 2095 562 2173 hujusmodi
579 2095 756 2158 humilitatis
767 2100 880 2158 actibus
895 2098 1010 2178 saepese
1024 2103 1182 2179 exercitet,

175 2180 243 2243 clim
266 2183 346 2241 lleus
362 2180 543 2259 aliquando,
566 2180 603 2241 ad
628 2182 757 2258 aliquam
782 2185 929 2244 internum
955 2183 1126 2261 superbiam
1146 2186 1183 2245 ab

175 2267 273 2326 anima
286 2263 496 2324 removendam
504 2309 514 2340 ‚
529 2263 698 2341 hujusmodi
710 2267 889 2326 tentationes
908 2268 1064 2346 permittit.

214 2351 283 2411 tlt.
297 2349 327 2409 Si
345 2349 412 2427 quis
429 2358 529 2408 autem
551 2350 582 2408 in
600 2347 646 2408 his
668 2350 880 2409 tentationibus
901 2350 1007 2411 misere
1027 2351 1184 2424 cudit,aut

175 2453 278 2495 aarum
296 2433 459 2493 occasiones
478 2434 570 2510 magis
587 2434 695 2510 quaerit
714 2432 803 2511 quam
821 2433 943 2511 cffugit,
962 2432 1051 2510 hujus
1070 2439 1183 2498 curatio

139 2573 143 2583 ,
175 2527 220 2579 cst
243 2517 328 2577 valde
344 2516 489 2591 difficilis3
506 2534 576 2576 nam
599 2515 768 2593 hujusmodi
782 2529 947 2596 peccatores
964 2519 1017 2596 qui
1040 2537 1110 2605 cum
1123 2521 1186 2580 da·

175 2620 264 2663 mone
284 2602 495 2661 commercium
512 2599 641 2671 habeut,
654 2600 829 2662 difficillime
846 2621 882 2661 cx
897 2602 986 2663 corde
1003 2614 1184 2664 convertun-

175 2696 235 2746 tur.
249 2689 290 2745 Ex
310 2703 367 2745 una
381 2695 465 2763 parte
478 2683 559 2744 enim
573 2702 640 2762 erga
655 2683 710 2745 hos
722 2685 837 2745 daemon
854 2685 1020 2746 dominium
1034 2681 1194 2763 quoddam

174 2770 301 2848 acquirit
321 2787 410 2846 super
428 2787 532 2830 corum
548 2768 735 2839 voluntates,
751 2778 782 2830 et
798 2787 835 2829 ex
852 2770 941 2829 altera
960 2771 1014 2848 ipsi
1028 2779 1183 2831 remanent

128 2854 131 2859 ⁴
174 2854 264 2914 nimis
280 2853 390 2914 debiles
405 2853 443 2911 ud
461 2853 678 2929 resistendum,
691 2854 858 2931 indigerent
874 2855 1106 2914 extraordinaria
1115 2873 1183 2933 gra·

174 2938 215 2996 tta
241 2937 315 3009 Dei,
338 2935 389 2995 sed
413 2935 584 2996 difficillimo
605 2937 680 2996 solet
700 2935 776 2997 hanc
791 2940 869 2998 Deus
889 2936 1059 3015 hujusmodi
1082 2939 1182 3016 impiis

175 3021 345 3083 concedere.
361 3022 572 3080 Verumtamen
592 3022 801 3092 confessarius,
815 3024 839 3081 si
858 3024 923 3101 quis
934 3040 1038 3083 eorum
1057 3022 1184 3082 accesso·

174 3108 235 3179 rit,
250 3125 310 3166 non
327 3103 458 3174 diffidat,
473 3105 524 3164 sed
543 3114 626 3166 curet
638 3126 706 3167 cum
724 3107 788 3186 ipso
800 3127 946 3168 summam
964 3106 1104 3168 adhibere
1115 3107 1182 3167 cha·

174 3193 314 3265 ritatem,
329 3190 534 3268 consortetque
552 3189 700 3264 dicendo,
719 3193 799 3269 quod
816 3194 865 3252 ubi
890 3212 950 3253 non
967 3203 1012 3252 est
1028 3193 1180 3265 voluntas,

175 3293 234 3333 non
252 3282 297 3334 est
316 3285 489 3353 peccatum,
509 3272 580 3334 hine
600 3275 624 3334 si
645 3276 708 3353 ipsc
734 3278 885 3336 voluntate
903 3278 1031 3343 resistit,
1057 3273 1183 3335 minimi

174 3367 283 3435 peceat.
297 3360 332 3418 ln
353 3357 400 3418 his
416 3358 529 3419 casibus
548 3369 617 3419 ante
639 3360 738 3420 omnia
754 3363 946 3421 confessarius
964 3358 1102 3421 adversus
1122 3360 1182 3420 dae-

174 3458 292 3500 monem
306 3443 467 3518 praemittat
479 3444 694 3514 exorcismum,
709 3446 812 3509 saltem
834 3439 984 3524 privatuin
1000 3466 1008 3502 ε
1026 3445 1076 3522 qui
1100 3442 1181 3503 certd

174 3521 271 3580 licitus
290 3532 333 3580 est
351 3524 437 3600 (tt.
458 3544 490 3584 o.
522 3527 583 3585 195.
603 3525 638 3587 de
649 3526 847 3607 adjuratione)
868 3529 923 3587 troc
941 3529 1128 3606 modo:qu
1148 3533 1184 3586 ut

173 3602 231 3659 Dei
244 3601 378 3662 oniiaistcr
390 3602 531 3689 precipio
553 3608 620 3686 titt,
635 3619 690 3669 citt
707 3611 804 3689 eodm,
820 3611 945 3692 spiritus
962 3610 1126 3683 interstandi,
1146 3616 1181 3668 ut
