2642 4167
222 132 279 193 tSd
495 127 607 189 Proca
620 127 804 206 confessarii.
820 126 892 211 Cupi.
912 129 961 191 tt.

311 318 392 382 Man
401 314 471 399 jum
483 322 610 396 optatos
621 324 663 378 est
674 316 832 398 prosimus
850 315 890 379 od
908 317 1133 399 respirandum.

255 489 326 550 279.
339 490 375 550 ln
390 501 495 547 manus
507 491 591 557 tuas,
608 485 755 561 Domine,
774 485 950 549 commendo
963 486 1101 565 spiritum
1112 507 1222 552 meum.

256 574 325 635 lesu
336 572 400 645 mi,
417 570 472 632 tibi
482 568 611 631 animam
627 588 718 649 quam
730 579 783 633 tuo
801 573 944 651 sauguine
957 573 1128 649 redemisti,
1144 594 1225 637 com·

218 657 337 720 mendo.
660 692 666 706 x

256 742 325 821 (Hie
342 737 528 811 notandum,
545 736 624 821 putat
641 737 713 800 dum
726 740 866 822 infirmos
878 739 948 822 jour
968 741 1008 803 ool
1024 740 1223 806 exhalandum

216 832 350 890 unimam
369 828 483 888 vicinas
497 833 567 900 est,
590 834 673 888 octus
699 828 818 909 suppari
848 824 951 889 debeat
971 827 1035 890 siae
1057 847 1175 909 pauso,
1195 839 1223 890 el

218 913 341 995 fortiori
351 912 442 992 cote.)

254 998 461 1076 Dominelcsu
472 995 586 1058 Christe
596 1040 604 1069 ‚
616 994 730 1076 suscipe
743 997 883 1077 spiritum
895 1014 1005 1059 meum.

236 1083 331 1143 Deus
343 1100 426 1144 meus
438 1125 447 1155 ,
458 1081 564 1160 adjuva
574 1099 641 1159 me3
660 1081 725 1143 sine
738 1101 786 1143 me
798 1084 899 1143 venire
911 1083 947 1143 ad
961 1082 1121 1147 amandum
1138 1092 1170 1147 te
1188 1086 1221 1147 in

213 1177 367 1231 [eternum.

251 1256 320 1316 lesu
336 1258 379 1318 mi
391 1302 400 1328 ,
413 1273 497 1317 amor
514 1272 619 1330 meus,
635 1262 666 1317 te
678 1271 763 1329 amo,
774 1272 823 1316 mc
836 1255 972 1336 poenitet.
987 1254 1137 1320 Outinam
1148 1275 1222 1319 uun·
1257 1301 1261 1309 ·

214 1357 302 1419 quam
322 1350 352 1401 tc
367 1341 573 1403 offendissem!

251 1425 379 1486 Oldaria
390 1471 399 1501 ,
412 1445 477 1505 spes
497 1444 583 1504 meo,
601 1423 709 1504 adjutu
722 1442 787 1497 me,
807 1443 860 1486 ora
871 1443 929 1503 pro
947 1428 1118 1488 melcsum.

250 1509 320 1569 Jcsu
336 1513 398 1589 mi,
413 1519 536 1590 propter
547 1512 712 1589 passionem
726 1519 808 1569 tuam
824 1511 903 1569 salva
921 1530 980 1572 me.
992 1514 1034 1572 Te
1048 1511 1128 1572 amo.

248 1591 339 1656 Maria
355 1597 448 1657 Mater
461 1614 525 1656 mes
538 1641 546 1666 ‚
557 1594 649 1656 iuliae
660 1594 733 1655 horu
748 1592 853 1671 adjuva
864 1614 923 1656 me.
935 1598 965 1656 S.
980 1594 1099 1676 loseph,
1110 1594 1219 1673 adjura

209 1695 277 1757 me,
299 1681 480 1761 Archangcle
498 1681 631 1754 Michael‚
643 1679 766 1741 defende
784 1696 843 1741 me.
861 1682 1091 1762 AngcleCustos,
1103 1674 1221 1745 custodi

209 1780 259 1824 me
272 1807 280 1836 ,
292 1767 322 1825 S.
335 1768 373 1827 N.
385 1766 443 1845 (laic
463 1765 610 1848 precipue
621 1761 791 1849 protectoris
810 1770 913 1846 cepeoii
923 1769 981 1848 [tot
999 1767 1119 1844 meletio)
1135 1786 1215 1829 com·
1302 1835 1303 1840 γ

208 1848 316 1908 menda
340 1868 389 1910 me
407 1851 475 1910 lesu
492 1850 618 1912 Christo.
642 1850 740 1911 Sancti
765 1849 925 1912 acaunus
947 1851 1020 1925 Dei,
1042 1851 1218 1930 intercedite

208 1949 263 2011 pro
282 1952 341 1994 me.
1115 1945 1120 1954 “
1302 1953 1303 1968 t

247 2020 462 2091 lesus,lesus,
482 2020 577 2081 lesus.
625 2024 627 2029 ’

245 2103 328 2164 lesus
343 2111 374 2165 et
387 2105 495 2178 llario,
509 2106 593 2190 robis
608 2123 659 2166 eor
669 2113 699 2167 et
717 2107 847 2166 animum
858 2105 1064 2183 meamldono.

438 2281 545 2363 §.vu
559 2281 749 2345 Immiuentis
760 2281 974 2363 inertissima.
1019 2243 1022 2250 ι

242 2532 311 2593 980.
320 2467 422 2597 Orus
437 2538 481 2591 cst
493 2576 502 2605 ,
515 2538 550 2590 ut
562 2529 694 2590 sacerdos
708 2574 716 2600 ,
729 2529 780 2607 qui
800 2526 857 2589 hoc
871 2527 1021 2589 eharitatis
1036 2539 1110 2606 opus
1123 2547 1208 2592 exer·
1302 2513 1303 2570 l

202 2628 265 2689 cet,
279 2616 460 2677 imminentis
477 2618 582 2677 mortis
599 2617 682 2694 signa
701 2615 792 2689 sciat,
807 2622 841 2672 ut
852 2614 893 2673 ita
912 2623 1022 2692 aegroto
1032 2614 1094 2691 jam
1110 2618 1209 2695 exspi-
1302 2633 1303 2674 1

200 2703 277 2761 ranti
300 2701 404 2762 melitis
428 2701 561 2760 auxiliari
587 2700 688 2778 possit.
711 2698 861 2776 Praecipua
883 2706 914 2757 et
940 2698 1117 2758 universalia
1136 2711 1207 2763 sunt
1241 2734 1247 2744 ·
1302 2683 1303 2708 ¹

199 2788 310 2847 trial,
329 2789 432 2846 Pulsus
444 2786 600 2859 deficiens,
625 2782 845 2854 intermittens,
869 2791 899 2843 et
922 2783 1207 2845 innotescentes·
1302 2805 1303 2830 t

197 2871 304 2948 piratio
328 2873 424 2930 anxia.
447 2872 476 2929 5.
501 2869 584 2928 Oculi
601 2868 746 2938 excavati,
767 2876 797 2927 ct
820 2866 1023 2939 vitreati‚'aut
1042 2870 1205 2945 apertiores

196 2956 299 3028 solito,
318 2951 364 3015 rol
386 2955 474 3014 nimis
491 2952 600 3024 lucidi,
621 2952 669 3012 vel
693 2952 744 3030 qui
770 2951 931 3030 respiciunt
955 2949 1066 3027 objecta
1087 2951 1205 3014 diuersis

196 3039 284 3115 qulm
301 3040 363 3099 aliis
382 3047 546 3117 apparent,
570 3043 604 3096 ut
620 3035 688 3098 clun
709 3035 850 3115 palpebra
870 3035 1006 3114 superior
1031 3035 1201 3113 relaxatur,

195 3133 225 3182 et
240 3125 408 3184 inferiorem
423 3122 674 3202 praetergreditur.

145 3256 151 3265 .
231 3210 299 3269 ast.
312 3211 387 3268 Sunt
398 3210 485 3268 etiam
496 3208 629 3285 proxima
648 3207 752 3268 mortis
773 3207 854 3286 signa
874 3207 961 3265 nasus
977 3206 1200 3282 accuminatus,
1302 3229 1303 3242 ¹

194 3298 224 3351 ct
236 3292 268 3352 in
281 3294 465 3353 extremitate
475 3292 639 3365 albescens,
654 3300 685 3351 et
700 3291 723 3351 si
736 3310 820 3353 nares
830 3289 868 3349 ad
877 3291 969 3350 instar
979 3290 1056 3350 loliis
1068 3290 1200 3369 sufflant,
1302 3289 1303 3304 ³

193 3395 297 3436 manus
316 3387 495 3453 trementes,
517 3395 630 3457 ungues
656 3377 772 3449 lividae,
786 3376 872 3436 facies
893 3373 1051 3435 flavescens
1064 3419 1072 3449 ,
1087 3376 1197 3449 livida,
1302 3409 1303 3444 ρ

193 3468 223 3515 ct
235 3469 345 3519 mutata
357 3483 365 3536 3
379 3461 465 3521 ssatrts
479 3462 555 3522 male
572 3463 654 3523 olens
675 3468 706 3522 et
730 3460 874 3540 frigidus,
897 3478 1005 3538 corpus
1021 3460 1197 3538 immobile;

192 3539 280 3599 sudor
292 3541 399 3604 frontis
410 3555 440 3606 et
451 3546 596 3626 frigidum
613 3547 693 3609 calor
711 3547 743 3606 in
756 3545 852 3608 cordis
864 3553 947 3623 parte
961 3544 1073 3607 nimius
1085 3564 1096 3623 3
1106 3544 1197 3607 lestu—
1302 3629 1303 3636 ἵ
