2642 4167
346 250 373 332 S.
390 249 444 312 tv.
455 252 501 311 De
515 247 684 330 frequentia
696 254 957 311 sacramentorum.
1095 252 1155 316 429

142 355 342 420 communior«
354 360 454 416 tenet,
477 351 610 429 recipere
633 348 844 410 Euclrnristiam
864 369 932 411 cum
952 359 1069 428 peceato
1093 352 1151 413 leri

144 441 275 510 actuali,
289 445 341 496 aut
363 454 430 495 eum
453 432 559 493 affeetu
574 432 611 494 nd
629 435 746 511 ipsum,
766 452 873 494 novam
895 452 957 494 asse
969 436 1085 513 culpam
1105 455 1153 495 ra·

143 527 229 587 tione
242 519 441 583 irreverentiae
449 536 515 594 quae
527 519 675 596 irrogatur
685 520 883 579 Sacramento.
891 518 1016 592 Quidam
1026 518 1153 581 afferunt

143 610 306 668 Decretum
330 604 361 662 S.
380 599 516 662 Anactes
530 600 658 678 (Coteelt.
680 604 754 662 Rom
779 600 815 662 de
827 603 958 662 Sacram.
977 601 1148 664 Euclionis.

141 710 177 772 p.
190 694 220 751 2.
237 708 269 748 n.
282 686 354 764 on),
368 687 399 746 in
412 704 470 763 quo
494 684 621 749 habetur
634 705 643 744 e
658 689 784 746 Peracto
797 689 1009 747 consecratione
1025 730 1033 755 ‚
1054 705 1153 749 mones

143 772 379 841 communicent,
401 770 456 849 qui
475 767 624 830 noluerint
642 767 840 830 ecclesiasticis
858 774 956 831 cerere
977 769 1152 848 liminibus3
1197 780 1199 789 ⁴

144 859 189 919 sie
202 857 280 917 enim
298 864 326 914 et
347 850 479 933 Apostoli
491 859 676 926 statuerent,
688 862 716 912 et
729 854 759 912 S.
772 856 908 914 Romane
922 862 997 915 tenet
1011 851 1152 915 Ecclesia.

143 942 203 1003 Sed
227 939 365 1017 inprimis
384 948 508 1014 negatur
528 936 545 997 i
568 939 604 996 Ρ.
625 939 759 1006 Suorez,
781 946 811 996 et
836 939 900 998 aliis
914 938 994 1016 quod
1020 957 1152 1016 unquam

142 1027 237 1087 fuerit
252 1026 309 1084 tale
323 1023 531 1101 Apostolorum
540 1030 731 1100 praeceptum.
746 1022 879 1083 Secundb
890 1024 1046 1083 Decretum
1061 1023 1151 1098 istud,

143 1119 182 1170 ut
200 1109 298 1169 Glossa
322 1107 431 1166 ibidem
450 1115 587 1177 testatur,
603 1115 631 1166 et
651 1105 1103 1185 Catecbismusltomanus(lbitl.
1119 1126 1152 1167 n.

145 1194 296 1271 60.),nen
310 1190 458 1268 obligabat
479 1207 581 1250 omnes
601 1189 724 1261 fideles,
737 1191 788 1250 sed
810 1189 925 1250 tantdm
945 1192 1095 1251 ministros
1108 1208 1155 1250 as·

146 1279 281 1339 sistentes
294 1276 388 1335 altari.
413 1270 592 1335 lit-tandem
610 1277 707 1352 posito
730 1274 811 1352 qudd
831 1274 989 1336 Decretum
1012 1277 1154 1357 obligaret

147 1380 270 1435 omnes,
283 1368 397 1421 certum
420 1368 464 1418 est
478 1357 586 1431 ,hodie
605 1360 637 1419 in
657 1359 881 1420 desuetudinem
891 1361 1006 1420 abiisse.

187 1449 257 1508 tto.
282 1447 304 1505 Ε
326 1441 474 1504 contrarii)
494 1451 594 1503 errant
613 1442 692 1503 certe
710 1444 830 1521 quidam
852 1445 901 1503 alii
925 1445 1105 1518 directores,
1124 1453 1155 1507 et

146 1529 277 1592 inultum
299 1531 330 1588 se
350 1529 488 1604 elongant
510 1525 527 1586 ὲ
547 1528 653 1607 spiritu
676 1528 829 1603 Ecclesiae,
851 1527 923 1587 dum
944 1529 1007 1588 siue
1028 1529 1090 1588 ullo
1108 1547 1156 1589 rc·

145 1624 248 1694 spectu
275 1614 311 1674 ad
334 1613 509 1690 exigentium
535 1620 587 1672 aut
618 1630 804 1691 progressum
827 1613 1015 1682 animarum,
1048 1619 1156 1690 negant

146 1697 406 1758 indiscriminatim
420 1696 657 1755 communionem
674 1695 880 1772 frequentem,
896 1711 956 1753 non
969 1694 1025 1753 alii
1041 1697 1156 1755 ratione

146 1779 338 1858 ducti,qnim
347 1780 415 1856 quia
423 1779 558 1856 frequens
568 1775 1157 1857 estlpseCatcobismusRomanusllbid.)

147 1864 295 1942 explicans
315 1862 493 1924 desiderium
513 1864 543 1922 S.
567 1862 689 1923 concilii
714 1861 902 1932 Tridentini,
928 1871 961 1922 ut
985 1880 1087 1922 omnes
1108 1881 1155 1922 sa·

147 1948 259 2008 cribclo
280 1948 376 2007 missae
403 1946 548 2006 adstantes
571 1946 814 2017 communicent,
838 1945 922 2006 docet
942 1964 1004 2007 esse
1023 1947 1154 2008 officium

147 2030 269 2109 parochi
286 2030 388 2091 scdulb
406 2029 519 2090 hortari
540 2030 642 2090 fideles
664 2029 700 2088 nd
720 2030 959 2091 communionem
982 2049 1042 2091 non
1065 2029 1155 2093 modo

145 2116 355 2194 frequentem,
381 2115 432 2175 sed
455 2115 543 2174 etiam
564 2113 764 2191 quotidianam
780 2132 881 2186 ,cum
902 2116 1079 2194 obligatione
1108 2119 1156 2176 in·

149 2198 287 2258 struendi
305 2199 392 2270 illos,
411 2197 492 2277 qudd
516 2198 592 2257 sicut
616 2215 742 2274 eorpus,
761 2199 801 2258 ita
817 2207 848 2259 et
860 2200 957 2259 anima
970 2209 1036 2278 eget
1056 2199 1155 2277 quoti·

146 2281 237 2343 diano
251 2283 403 2343 alimento.
420 2282 616 2342 Praetarmitto
632 2279 681 2341 hie
698 2281 804 2342 afferre
826 2293 994 2344 sanctorum
1013 2285 1154 2356 Petrum,

147 2373 179 2423 ct
192 2365 401 2443 magistrorum
417 2365 538 2444 spiritus
547 2368 734 2425 auctoritates
744 2366 865 2427 onrnind
885 2367 1063 2437 conformes,
1080 2382 1156 2442 quo·
1176 2382 1181 2389 ·

148 2448 231 2507 niam
253 2446 299 2509 hae
327 2448 517 2528 reperiuntur
538 2457 684 2508 annotatae
703 2453 733 2508 in
757 2457 801 2509 tot
821 2450 925 2519 libris,
948 2450 999 2526 qui
1031 2456 1156 2508 tracum

149 2531 187 2590 dc
205 2531 353 2609 frequenti
368 2533 585 2593 communione.
609 2533 740 2593 Sufficiat
761 2534 835 2593 scire
847 2550 883 2591 ex
901 2531 1081 2591 catechismo
1097 2531 1156 2589 Ro·

150 2633 239 2675 mano
252 2617 316 2677 loco
332 2615 420 2695 supri
440 2616 547 2688 citato,
568 2626 598 2678 et
615 2634 651 2675 ex
666 2619 789 2676 Decreta
810 2615 977 2674 lnooeeruii
993 2615 1053 2672 XI.
1064 2614 1157 2674 relato

149 2697 182 2759 iu
193 2708 295 2760 nostro
304 2701 392 2760 Libro
401 2699 478 2777 (Lib.
491 2701 521 2760 6.
538 2719 569 2760 o.
585 2699 667 2774 fut.)
679 2743 687 2765 ,
698 2697 777 2774 qudd
789 2697 924 2773 frequens
939 2697 1158 2755 communionis

132 2800 240 2854 usus,
261 2783 322 2844 imb
343 2784 530 2861 quotidianus
541 2784 599 2844 fuit
620 2798 738 2859 semper
758 2779 794 2838 nb
816 2779 940 2838 Ecclesia
953 2788 983 2837 et
1001 2780 1038 2839 ab
1060 2781 1158 2839 omni·

148 2866 206 2927 bus
225 2867 361 2928 Patribus
378 2868 572 2947 approbatus,
595 2867 663 2946 qui,
676 2874 711 2924 ut
719 2863 901 2924 demonstrat
915 2864 1019 2924 doctus
1036 2862 1159 2940 quidam

143 2959 270 3022 auctor,
290 2952 406 3029 quoties
434 2952 626 3013 adverterunt
652 2949 808 3029 frigescere
829 2966 916 3009 usum
940 2945 1158 3008 communionis

149 3035 347 3113 quotidianae,
365 3052 484 3095 ornnem
498 3035 682 3114 diligentiam
697 3032 896 3095 adhibuerunt
908 3033 945 3093 ad
960 3034 1044 3093 illum
1058 3030 1160 3091 redin-

149 3119 338 3197 tegrandum.
352 3120 389 3180 Et
407 3121 439 3179 in
453 3121 506 3180 ΙΙΙ.
521 3119 640 3200 Synodo
657 3119 866 3181 Mediolanensi
877 3118 977 3179 habita
993 3118 1048 3178 sub
1057 3119 1090 3177 S.
1109 3115 1160 3174 Cn·

148 3198 212 3263 rolu
231 3204 424 3276 Borrorooeo,
446 3202 613 3280 injunctum
641 3204 698 3264 fuit
723 3202 858 3281 parochis
880 3202 1030 3262 exhortari
1059 3199 1160 3260 fideles

148 3287 182 3347 in
201 3287 394 3347 concionibus
416 3287 454 3347 ad
477 3286 555 3349 banc
576 3288 772 3368 frequentiam
796 3286 1038 3361 communionis;
1060 3294 1090 3345 et
1115 3285 1159 3346 iu·

148 3367 431 3450 superimpositum
457 3373 514 3433 fuit
530 3375 677 3453 Episcopis
700 3373 881 3452 provinciae,
904 3379 938 3430 ut
965 3369 1159 3448 prohiberent

148 3454 345 3528 concionari,
367 3463 397 3515 et
417 3455 547 3518 severiira
567 3459 709 3536 punirent
729 3473 779 3515 eos
802 3455 853 3533 qui
872 3456 1040 3532 oppositum
1052 3456 1159 3539 ,disse-

148 3537 302 3599 minarent
319 3546 471 3618 tamquam
488 3541 695 3611 scandalorum·
711 3547 845 3611 satores,
864 3548 893 3601 et
915 3539 1006 3599 totius
1026 3540 1161 3603 Ecclesiae

147 3621 252 3684 sensui
273 3625 516 3689 contradicentes.
531 3627 655 3708 Insuper
674 3625 706 3685 in
717 3625 838 3706 praefato
854 3625 978 3688 Decreto
994 3623 1162 3689 formcentii
