2642 4167
167 213 182 270 5
187 215 205 271 6
446 209 559 268 Praete
574 202 758 286 confessarii.
775 203 847 284 Cup.
864 205 894 265 9.

169 326 343 371 concessam.
364 304 522 386 loquendo
537 314 635 366 antem
652 304 691 365 de
702 306 949 382 commutatione,
967 310 1174 373 confessarium

168 393 317 455 monitum
333 408 395 452 esse
416 392 502 462 volo,
522 407 560 451 ne
582 389 622 451 sit
640 389 828 465 scrupulosus
848 389 923 448 circu
943 408 1082 463 causam,
1104 398 1174 472 quia

168 477 321 556 quodlibet
334 475 508 538 rationabile
521 474 668 534 motivum
686 489 742 551 pro
761 489 845 531 causa
865 469 969 533 haberi
987 483 1093 552 potest.
1107 480 1175 538 Sut-

167 562 267 621 fieiens
287 569 349 630 est,
372 569 407 621 ut
428 578 464 619 cx
486 557 719 620 commutatione
738 554 801 616 voti
825 554 864 614 sit
885 557 983 617 minus
1005 560 1172 638 periculum

168 644 404 721 transgressionis
421 641 454 720 (l.
475 662 500 703 r.
522 662 555 702 n.
574 643 643 703 tlt.
664 640 697 701 in
717 638 824 719 fine.)‚·
844 658 899 701 nec
920 641 996 702 circa
1019 645 1172 705 materiam

167 728 318 803 aequaliter
330 725 562 805 subrogandum,
574 725 665 786 etiam
678 742 738 784 non
753 724 918 801 requiritur
929 726 1079 803 aequalitas
1090 728 1174 788 lance

167 810 319 883 libranda,
342 811 393 871 sed
413 810 542 879 sufficit,
564 818 599 870 ut
620 810 658 869 sit
680 809 800 886 aequalis
823 810 985 870 moraliter.
1009 813 1176 891 interroget

168 896 378 971 poenitentem,
403 911 581 973 quaempera
606 893 698 953 soleat
720 891 857 953 exercere
882 903 990 971 praeter
1013 894 1111 956 debita
1138 914 1176 955 ex

167 989 334 1061 praecepto,
356 990 407 1040 aut
432 981 468 1039 ad
492 998 557 1057 quaa
578 977 721 1054 majorem
746 976 853 1037 babeat
874 980 1120 1057 propensionem,
1144 990 1176 1041 et

167 1062 198 1121 in
220 1081 253 1123 ea
272 1073 434 1125 commutet
454 1074 532 1124 vota.
546 1063 744 1125 Commutatio
765 1069 864 1122 autem
885 1064 1016 1123 securior
1034 1063 1066 1123 in
1090 1065 1173 1127 omni

166 1156 304 1207 votorum
321 1167 428 1226 genero
440 1149 497 1208 erit
512 1148 677 1226 frequentia
692 1156 943 1206 sacramentorum
957 1143 990 1224 (l.
1001 1165 1027 1207 ε.
1035 1164 1067 1206 n.
1078 1148 1171 1225 itm).

167 1228 308 1291 Advertat
330 1243 397 1292 vota
422 1242 561 1310 perpetuu
588 1231 664 1291 bene
689 1248 773 1309 posse
798 1231 974 1290 commutari
1001 1231 1033 1291 in
1059 1240 1176 1310 tempo-

166 1316 259 1392 ralia3
280 1316 443 1378 dummodb
462 1317 537 1375 adsit
555 1316 654 1376 debita
670 1317 841 1393 proporti03
861 1323 891 1373 ει
911 1315 953 1374 sio
976 1316 1064 1376 etiam
1084 1319 1175 1377 realia

166 1408 290 1476 possunt
313 1402 488 1462 commutari
511 1401 542 1460 in
566 1399 751 1479 personalia;
771 1408 802 1458 et
827 1397 929 1458 contrb
952 1401 1115 1477 personalia
1140 1403 1174 1462 in

167 1484 255 1542 realia
275 1482 349 1563 (do.
364 1504 396 1545 u.
414 1481 735 1559 attondendum).
757 1482 915 1560 loquendo
935 1493 1034 1543 autem
1053 1485 1091 1545 de
1112 1486 1175 1547 dis·

165 1569 357 1645 pensatione,
369 1569 405 1629 ad
421 1567 497 1629 banc
512 1569 676 1646 requiritur
690 1585 774 1627 causa
790 1567 909 1647 gravior
921 1610 929 1634 ,
941 1566 1082 1628 nimirum
1099 1571 1176 1648 peri·

165 1651 265 1712 culum
279 1653 390 1730 grande
402 1652 660 1730 transgressionis,
674 1667 779 1729 magna
800 1650 959 1712 difficultas
975 1654 1173 1725 executionis,

165 1734 287 1806 levitas,
312 1745 362 1797 aut
382 1738 551 1814 imperfecta
570 1736 745 1795 deliberatio
766 1736 824 1813 qul
844 1742 949 1794 uotum
969 1737 1108 1796 emissum
1128 1748 1175 1798 est

166 1815 200 1896 (l.
215 1837 239 1878 c.
252 1838 284 1879 n.
301 1821 370 1881 959.
385 1829 414 1881 ει
427 1820 519 1897 tib).
539 1817 739 1881 Nihilomimis
761 1835 878 1895 semper
891 1819 1037 1880 laudabile
1054 1821 1113 1880 erit
1124 1822 1173 1882 ad·

163 1902 289 1982 jungere
317 1902 485 1982 hujusmodi
516 1903 781 1982 dispensationibus
806 1903 934 1981 aliquam
966 1907 1173 1967 commutatio·

166 2006 246 2047 nem.
258 1989 308 2047 llae
322 1998 419 2048 autem
431 1989 660 2066 dispensationes
676 1996 706 2046 et
718 1988 964 2047 commutationes
973 1997 1096 2066 possunt
1104 1988 1170 2050 fieri

165 2081 247 2130 extra
265 2072 601 2143 consessionem,·modb
616 2071 738 2131 facultas
760 2088 819 2131 non
838 2072 877 2131 sit
895 2088 1029 2132 concessa
1046 2072 1103 2133 sub
1118 2074 1171 2133 tali

165 2154 351 2228 conditione,
367 2165 401 2216 ut
417 2158 449 2216 in
463 2156 584 2233 jubilaeo
601 2154 634 2235 (l.
648 2174 674 2216 c.
688 2175 720 2216 n.
730 2155 972 2234 lbl.o.1mmd),·
988 2156 1040 2218 sed
1054 2158 1169 2218 consilii

165 2249 209 2300 cst
227 2258 275 2300 ms
293 2241 387 2300 locere
404 2242 436 2315 in
452 2241 643 2302 confossione.

204 2327 253 2385 97.
271 2325 374 2397 Qnoml
398 2324 592 2404 blasphemias
612 2327 794 2403 interroget,
815 2324 839 2384 si
861 2333 1012 2384 execratus
1028 2324 1118 2385 luerit
1137 2326 1171 2386 in

165 2410 309 2469 Sanctus?
322 2417 352 2467 ει
364 2410 471 2486 quibus
481 2409 579 2469 verbis
591 2428 660 2469 usus
673 2411 780 2482 fuerit,
794 2427 833 2468 an
852 2407 961 2468 dixerit
976 2408 1052 2471 male
1065 2408 1172 2470 habeat

163 2493 271 2573 rulgb,
289 2492 470 2576 maraoqqio,
486 2496 535 2553 vel
557 2501 642 2564 atto,
663 2504 714 2554 aut
730 2499 839 2574 petto?
854 2493 971 2552 Etenim
988 2493 1088 2553 dicere
1103 2512 1171 2554 ma·
1227 2533 1231 2538 -

164 2579 290 2659 croqqio,
305 2588 417 2638 certum
438 2587 482 2637 est
494 2595 556 2639 esse
568 2581 692 2640 mortale
703 2599 712 2637 ε
724 2586 788 2638 ειια
802 2580 833 2638 ia
851 2595 883 2636 se
900 2578 1085 2648 morantate,
1099 2578 1169 2655 qaia

164 2662 221 2722 tale
232 2663 356 2723 verbum
369 2680 429 2721 non
444 2664 574 2722 eontinet
586 2664 795 2724 contumeliam
807 2682 816 2737 3
827 2661 878 2721 sed
892 2661 982 2739 aliqui
993 2661 1082 2722 rodes
1090 2679 1172 2722 eum·

163 2746 231 2806 dam
245 2747 415 2825 concipiunt
433 2746 588 2807 horrorem
601 2765 634 2807 ac
645 2747 714 2808 cbm
734 2748 837 2808 dieunt
858 2744 1038 2826 muuuqqiu,
1054 2755 1085 2806 ει
1099 2756 1171 2806 tnnc

163 2836 281 2905 oportet
298 2832 388 2908 accipi
402 2849 456 2908 pro
471 2833 552 2908 gravi
566 2831 745 2912 blasphemia
755 2875 762 2899 ,
774 2840 804 2890 et
814 2830 904 2892 droul
916 2831 1063 2890 instruere
1075 2831 1171 2908 porni-

162 2922 272 2972 tcntem
290 2914 349 2973 tale
366 2913 486 2974 effatum
509 2933 570 2975 non
592 2933 654 2975 esse
675 2914 896 2993 blasphemiam.
911 2915 1014 2973 Dicere
1033 2921 1117 2994 pottn
1133 2914 1168 2974 in

162 3015 193 3057 sa
214 3004 291 3057 osset
307 3014 395 3075 grave
417 3009 569 3076 peecatum
588 2999 673 3076 juxta
697 3000 806 3059 idioma
830 2997 1036 3077 hispanicum,
1062 2997 1113 3057 sed
1135 2998 1169 3057 in

163 3090 263 3142 nostro
281 3081 459 3160 blasphemia
477 3101 538 3142 non
559 3095 619 3160 est,
639 3085 708 3145 crim
729 3083 802 3143 nibil
822 3085 903 3143 aliud
921 3081 1169 3161 significetquiam

163 3166 397 3243 interjectionem
420 3167 601 3245 indignantis
615 3168 690 3247 (Lib.
703 3171 734 3228 t.
751 3188 784 3228 n.
798 3172 866 3229 lat.
879 3187 909 3227 o.
925 3166 1062 3248 Neque).
1079 3164 1169 3227 Nihi-

162 3250 292 3312 lominus
308 3251 419 3311 bouum
438 3253 495 3312 erit
511 3254 626 3331 exigere
639 3271 798 3312 numerum
809 3297 817 3325 ‚
828 3252 897 3314 crim
913 3251 1003 3311 rudes
1013 3250 1170 3312 horrorem

164 3336 369 3397 notabiliorem
392 3354 428 3396 er
450 3335 506 3397 boe
528 3339 709 3416 concipiunt.
730 3339 787 3398 Sed
812 3337 879 3398 crim
902 3338 961 3396 tale
983 3336 1108 3395 verbum
1129 3338 1172 3396 sit

164 3421 345 3495 aequivocum
356 3430 386 3481 et
397 3419 464 3481 crim
479 3423 570 3499 possit
581 3425 672 3502 accipi
687 3424 717 3481 in
732 3441 817 3483 sensu
830 3422 947 3482 meliori
961 3464 969 3492 ‚
984 3417 1060 3479 benis
1072 3427 1172 3497 potest

107 3536 110 3542 ·
164 3502 356 3564 animadverti
377 3507 542 3583 poenitens,
564 3506 643 3585 qubd
666 3507 739 3567 illud
760 3505 845 3584 juxta
866 3514 997 3567 nostram
1018 3502 1169 3581 loquelam

164 3594 284 3647 nonest
302 3586 502 3667 blasphemia,
521 3590 760 3670 quondoquidem
780 3591 873 3653 nostri
891 3588 1036 3666 indigenae
1051 3604 1111 3647 non
1124 3586 1173 3645 iri·
