2642 4167
157 239 216 300 118
348 234 483 317 Epitome
496 231 635 297 doctrino
649 231 773 297 auorciis
785 241 812 296 et
823 233 968 298 cottottt‘toe

155 334 350 398 contraitcndi
370 334 487 403 morbi
508 335 629 414 questio
654 345 699 396 est
715 336 794 396 intcr
817 336 882 397 ltu.
897 351 1026 415 anceps,
1050 336 1084 399 in
1104 340 1161 421 qui

159 418 512 483 uibilccrtitieccrnitur.
527 419 652 497 chyn.
673 420 791 481 dicct
805 422 853 480 15.
867 439 895 480 c.
913 422 962 480 19.
981 439 1012 480 ιι.
1034 422 1081 480 tu.
1150 436 1153 447 ·

198 504 232 564 in
243 502 347 565 ordine
354 502 392 561 ad
401 501 662 562 administrandam
675 502 883 563 Eucharistiam
895 522 954 564 non
967 521 1029 563 esso
1041 521 1161 570 omnem

159 585 595 654 uetmaerttumscraandum
608 603 660 665 qm
655 585 1163 665 m'odochchcsiiproscribitur,

158 668 245 731 docet
259 670 455 731 biumtorius
446 688 477 729 ιιι
493 676 616 730 tractatu
624 669 663 728 dc
673 680 754 747 peste
766 713 774 740 ‚
789 670 839 731 sed
852 671 889 730 sb
908 671 1041 750 Episcopi
1050 669 1176 747 judicio.

158 754 357 832 “petendum
369 772 451 821 esse,
466 752 539 831 qnid
557 750 574 812 i
589 753 712 850 singuiis
731 756 861 832 proestaai
884 764 1001 832 posset
1021 754 1165 816 utmimis

159 837 340 914 perictdmb
355 837 406 899 sed
423 837 784 911 deecnterministretur,
778 837 972 916 quodetiam
986 839 1163 916 rescriptum

159 924 217 983 iuit
233 921 271 983 nd
287 923 430 1002 postulatu
444 922 554 983 vicarii
576 921 727 1001 apostolici
749 883 836 983 fulin
855 924 1002 983 Caesnreoe.
1018 924 1063 983 De
1087 923 1160 1000 Syn.

160 1001 446 1068 discutimus.

199 1097 277 1159 Tuti>
290 1107 387 1177 possct
402 1100 560 1198 Episcopus
575 1098 709 1177 iudicare
725 1106 859 1176 tempore
875 1100 984 1180 postis,
1006 1040 1087 1179 quisti
1106 1099 1169 1159 liu·

161 1178 295 1242 choristis
309 1184 390 1244 iaicis
403 1184 604 1263 porrigeretur
623 1183 686 1243 suis
705 1183 841 1244 manibus
854 1183 1039 1263 accipienda,
1052 1193 1087 1244 ut
1108 1182 1167 1260 ipsi

161 1281 216 1343 per
228 1282 261 1325 sc
275 1267 320 1327 nri
339 1268 420 1328 itiam
435 1267 618 1329 inducerent.
630 1266 707 1327 thid.
727 1284 758 1326 n.
774 1267 824 1327 nt.

200 1359 337 1418 Extremo
355 1360 456 1421 unctio
476 1378 543 1439 ergo
563 1370 642 1439 peste
665 1360 790 1419 intectos
806 1358 932 1421 conieiri
956 1368 1054 1440 potest
1077 1363 1168 1422 inun-

160 1440 260 1520 gendo
273 1460 418 1523 organum
437 1444 516 1504 iliius
534 1443 655 1514 sensus,
675 1445 727 1521 qui
747 1443 878 1503 unctioni
892 1446 984 1522 magis
1000 1444 1168 1522 expositum

163 1544 195 1587 ae
207 1525 311 1598 nitent,
329 1529 369 1588 its
383 1527 509 1589 formam
530 1528 707 1607 proferendo
722 1528 871 1605 quomodo
890 1527 956 1588 beri
976 1529 1073 1600 soiet,
1099 1526 1167 1589 edm

164 1629 243 1672 nnus
255 1611 460 1673 tantummodo
474 1630 574 1673 sensus
584 1613 749 1692 inungitur.
766 1609 841 1673 ibid.
866 1630 898 1672 ιι.
912 1613 962 1672 99.
1104 1628 1106 1631 ·

203 1704 282 1765 Licet
295 1715 392 1765 autem
402 1704 514 1783 judicio
527 1705 660 1784 Episcopi
680 1707 713 1766 in
731 1722 766 1764 eo
785 1722 850 1764 casu
865 1705 1009 1784 inungere
1023 1708 1176 1781 agrotans

164 1785 296 1850 adhibiti
312 1790 436 1869 oblongi
448 1791 548 1868 virgi,
561 1790 643 1867 cujus
660 1791 692 1849 in
703 1789 833 1851 extremi
843 1798 927 1868 parte
941 1791 980 1849 sit
994 1790 1170 1866 gossypiunr

166 1872 231 1932 nico
243 1891 324 1935 sacro
337 1874 497 1936 imbutum.
511 1873 588 1936 ibid.
603 1891 636 1933 n.
651 1875 701 1935 50.

595 2051 741 2114 stulius.

203 2226 276 2300 Qun
287 2224 376 2286 vendi
390 2243 451 2286 non
461 2234 601 2304 possunt,
616 2243 671 2284 nec
682 2236 804 2303 possunt
816 2228 845 2287 in
860 2228 965 2305 pignus
977 2224 1048 2284 dari.
1061 2227 1092 2283 1.
1102 2227 1171 2285 Pu·

165 2306 269 2391 piiiua
279 2308 641 2390 §.Eomrem‚ii.Qunres
650 2308 770 2390 pinanti
776 2321 854 2386 ‚etc
862 2312 960 2383 Quare
969 2308 1013 2367 'res
1023 2309 1169 2380 Ecclesiae,

167 2404 198 2456 ct
213 2396 299 2456 etiam
313 2394 430 2456 mobilia
440 2396 566 2473 pretiosa
577 2411 637 2453 non
650 2394 706 2453 nisi
717 2403 909 2455 concurrente
923 2392 1051 2471 iegitimd
1064 2392 1169 2460 causi,

168 2490 198 2540 et
213 2479 366 2540 accedente
386 2479 504 2539 iicentii
519 2478 602 2538 sodis
618 2479 803 2556 apostolicus,
821 2479 869 2538 vei
884 2478 1018 2555 Episcopi
1035 2485 1169 2555 respectu

168 2561 325 2626 mobilium
340 2563 465 2626 minoris
480 2564 587 2642 pretii,
600 2562 688 2623 vendi
707 2572 838 2643 possunt.
851 2565 923 2622 inst.
938 2560 1015 2622 nect.
1030 2562 1079 2620 69.
1094 2578 1124 2619 ιι.
1138 2561 1170 2620 b.

527 2737 807 2801 eductusntu.

208 2916 355 2978 Porocbus
367 2916 440 2985 ioci,
453 2916 505 2977 ubi
528 2915 635 2993 aliquis
656 2915 750 2986 obiit,
764 2914 886 2974 cadaver
899 2914 1043 2974 associans
1056 2930 1171 2992 semper

169 3003 259 3064 babet
272 2997 494 3081 prccedcntiam
506 3016 594 3078 supro
608 3000 681 3059 aiios
692 3041 700 3069 ‚
713 2997 903 3075 quoadusque
915 3006 960 3057 est
971 2996 1051 3057 intra
1062 2995 1172 3058 limites

170 3086 304 3165 pnrncioe
317 3103 388 3145 suae.
402 3086 475 3147 inst.
488 3084 565 3144 Ecci.
574 3084 641 3143 tot.
663 3101 695 3142 n.
718 3083 766 3141 dt.

510 3259 645 3320 PRECES
658 3258 833 3318 PUBLiCAE.

210 3439 358 3515 Principes
370 3439 521 3500 sccutorcs
538 3438 563 3499 si
584 3444 685 3516 petunt
698 3436 735 3496 ab
750 3436 892 3514 Episcopo
903 3443 938 3495 ut
958 3452 1059 3514 preces
1075 3436 1173 3514 pubii-

170 3540 211 3578 ιω
233 3521 400 3579 indicuntur
422 3539 477 3600 pru
502 3524 674 3582 necessitate
691 3518 804 3595 statiis,
827 3519 858 3579 id
876 3521 980 3597 utique
999 3527 1115 3596 potest,
1142 3528 1174 3579 ct

169 3600 268 3658 debct.
285 3605 408 3663 Nonnisi
430 3604 502 3666 verb
525 3623 638 3669 summu
652 3605 754 3665 abusio
775 3612 870 3681 esset,
889 3606 914 3666 si
933 3605 1027 3668 etism
1043 3620 1080 3662 ex
1102 3620 1174 3664 con·
