2642 4167
228 188 285 250 bid
419 186 556 269 Epitctttc
566 183 881 250 doctriitoenmmic'tet
889 188 1034 249 carminice

225 286 422 350 coniectiones
439 287 623 351 secularium
641 288 704 349 sine
723 288 832 367 perivit
857 289 992 367 Episcopi
1016 289 1238 369 approbatione

226 380 259 433 nt
276 388 314 433 ex
330 373 450 434 constit.
465 375 515 434 td.
528 369 618 435 ctat
635 373 678 434 X.
692 374 765 432 item
780 390 841 434 non
861 381 985 450 possunt
998 372 1167 436 inconsulto
1183 388 1242 448 ,et

226 470 285 517 non
303 455 486 535 approbante
501 456 642 536 Episcopo
660 456 765 517 audire
783 457 974 518 confessiones
993 459 1174 520 monialium
1187 461 1238 522 sui

226 537 339 601 ordinis
353 540 442 601 otium
459 549 660 618 exemptarum
675 558 713 601 ex
731 541 762 600 vi
779 540 855 602 buli.
869 541 917 601 18.
933 541 1020 621 (ἶνες.
1037 543 1072 602 X
1077 544 1113 605 V.

265 623 424 702 beguini-ea
440 642 513 684 noan
531 623 724 692 monasterio,
747 642 799 684 seu
813 624 917 684 domos
935 642 972 683 ne
992 625 1108 703 erigant
1128 637 1240 692 veten.

227 714 295 775 tur,
310 707 420 786 absque
433 707 516 769 Sedis
533 707 697 786 npostniicce
716 716 747 767 et
762 707 898 786 Episcopi
917 706 1074 781 facultate,
1096 715 1238 791 quumvis

227 791 435 853 Tridentinum
449 809 518 853 sess.
532 793 582 852 25.
602 810 665 869 erp.
683 794 713 878 53
727 790 762 854 de
780 788 873 872 repul.
888 790 979 850 soiius
993 793 1124 873 Episcopi
1138 797 1238 857 incui-

228 883 316 936 tttctn
328 877 477 955 exprimit.
491 878 535 936 Dc
550 877 624 954 Syn.
637 877 724 936 dimo.
738 876 759 935 Ι.
771 877 800 934 9.
812 894 839 935 c.
854 877 883 935 i.
895 894 928 934 ιι.
943 877 973 934 9.

266 958 317 1020 Btt
329 968 428 1020 tumen
448 978 503 1040 pro
517 958 698 1020 monialibus
715 960 747 1020 in
766 958 878 1019 ditione
891 959 1037 1035 Hispaniei
1048 961 1127 1040 regis
1140 964 1239 1026 Breve

232 1040 345 1104 uomet
364 1045 454 1105 tm.
464 1044 670 1123 suspensivum
692 1042 825 1120 ejusdem
846 1043 1082 1116 constitutionis,
1099 1047 1153 1106 sed
1174 1067 1237 1109 non

227 1124 302 1186 vaiet
317 1136 398 1187 extra
414 1128 595 1207 iiispaniam.
610 1129 653 1187 De
666 1127 740 1206 Syn.
754 1126 840 1187 dirce.
853 1126 875 1185 i.
889 1128 918 1186 9.
932 1144 960 1186 c.
976 1128 1023 1187 tt.
1041 1146 1072 1187 n.
1083 1130 1114 1189 9.

262 1210 308 1271 Ad
325 1218 435 1273 ttntum
453 1213 620 1290 tenuiorem
640 1211 767 1271 transire
786 1219 907 1288 possunt
925 1211 1088 1289 presbyteri
1101 1216 1239 1277 Ecclesiae

226 1293 274 1355 rel
289 1293 422 1357 nicenis
438 1296 560 1357 seruitio
576 1295 683 1355 rddicti
696 1340 704 1365 ,
719 1296 814 1357 invito
828 1295 916 1354 etium
932 1296 1073 1373 Episcopo
1091 1301 1237 1378 proprio,

228 1386 369 1440 tenentur
392 1376 520 1450 ῑιιιιιιιιι,1
537 1380 592 1440 nisi
615 1379 730 1457 aliquid
749 1378 864 1452 obstet,
884 1377 971 1437 iiium
1001 1382 1167 1442 consulere.
1191 1384 1235 1444 ita

230 1464 264 1529 itt
281 1464 410 1543 Epicteti
423 1465 460 1525 ad
476 1463 563 1525 cord.
578 1462 757 1539 ριιίιίιιιιιιι,
771 1463 821 1522 Ex
840 1477 899 1541 qun
912 1459 1045 1521 diiectna.

268 1548 427 1629 segniores
445 1556 528 1609 extra
546 1548 760 1609 monesterium
779 1545 935 1625 degentes.
950 1555 981 1605 ct
1002 1547 1126 1609 ciericos
1147 1566 1236 1629 regu·

229 1632 306 1695 ieret
324 1632 600 1713 quomodocumque
620 1640 771 1710 exemptus
792 1632 823 1690 in
843 1629 980 1690 civilibus
1004 1633 1099 1692 musis
1123 1652 1237 1694 merce·

228 1717 324 1789 dum,
347 1726 379 1779 et
398 1718 612 1781 miserabilium
637 1733 848 1798 personarum,
872 1717 928 1775 nisi
951 1713 1080 1777 habeant
1103 1717 1236 1793 judicem

229 1799 376 1862 centuni
397 1804 429 1863 S.
440 1804 598 1884 apostotici
613 1803 645 1863 in
661 1801 795 1882 partibus
813 1799 1003 1879 deputatum,
1027 1819 1126 1862 eornm
1148 1802 1238 1862 Ordi-

229 1885 322 1946 nariic
342 1884 476 1948 locorum
499 1886 650 1949 conveniri
673 1903 757 1964 posse
779 1884 926 1963 inprimi
948 1884 1085 1945 instantii
1104 1884 1238 1947 decernit

229 1967 364 2028 Pontifex
383 1969 416 2030 in
429 1970 509 2035 tutti
526 1968 573 2032 Ad
587 1966 758 2031 militantis.

548 2140 760 2202 nesnnvtm
779 2137 905 2200 CASUS.

267 2311 311 2374 Ad
330 2312 426 2372 sotum
445 2311 611 2371 Romanum
623 2306 798 2368 Pontificem
809 2351 818 2378 ,
831 2308 989 2387 Episcopos
999 2317 1029 2370 et
1046 2311 1181 2388 prelatos
1191 2313 1238 2373 in·

229 2395 349 2458 seriores
362 2394 501 2457 hancne·
512 2392 750 2472 jurisdictionem
769 2391 853 2471 quusi
872 2394 1066 2472 episcopalem
1086 2413 1155 2455 eum
1174 2406 1236 2456 ter·

230 2483 334 2544 ritorio
356 2488 490 2560 scprrato
517 2481 647 2559 pertinet
671 2497 793 2540 cestrum
823 2481 1010 2558 reservatio,
1034 2498 1071 2541 ex
1101 2480 1235 2543 doctrini

225 2567 316 2629 conc.
331 2566 416 2629 Trid.
435 2577 466 2628 et
479 2564 675 2629 decisionibus
696 2567 728 2625 S.
741 2565 850 2645 Congr.
872 2564 915 2626 De
936 2566 1008 2644 Syn.
1030 2564 1185 2626 dicentib.
1204 2568 1233 2627 d.

227 2668 291 2731 cup.
306 2654 336 2713 d.
362 2670 395 2713 n.
409 2655 440 2713 2.

266 2736 451 2815 Quamquam
473 2735 633 2798 reservatio
652 2733 719 2795 iieri
737 2741 833 2813 potest
851 2740 932 2792 extra
948 2732 1121 2811 synodum,
1141 2737 1234 2797 marito

231 2830 329 2882 tumen
354 2820 495 2894 tundent,
511 2831 544 2881 ut
564 2818 663 2900 potids
681 2821 714 2879 in
734 2815 936 2898 Synodoiint3
956 2815 1023 2878 idcb
1044 2820 1234 2896 presertim,

231 2905 300 2981 quic
324 2922 384 2966 non
397 2903 505 2965 desunt
524 2904 651 2984 tireoiogi
675 2921 742 2963 curn
763 2897 924 2981 noncoptto
943 2910 1076 2961 tenentes
1088 2947 1096 2974 ,
1109 2903 1186 2981 leges
1198 2902 1235 2964 nb

230 2990 371 3068 Episcopo
384 2987 455 3047 lotus
471 2995 555 3046 cntra
573 2987 739 3067 synodum,
752 3003 789 3046 en
805 2997 954 3058 cessante,
971 3004 1103 3056 cessum,
1122 2985 1189 3047 etim
1201 3004 1233 3047 en

230 3068 452 3138 tuntummcdd.
470 3089 536 3149 quoe
548 3073 580 3132 in
597 3071 715 3149 Synodo
725 3073 802 3133 liunt
815 3069 852 3130 nb
861 3071 1019 3150 Episcopo,
1032 3071 1105 3151 legis
1117 3070 1233 3150 pienum

220 3154 606 3218 ‘auctoritatemobtinemt
616 3155 693 3216 ibid.
709 3174 739 3217 ιι.
755 3156 784 3217 5.

241 3252 245 3257 '
267 3243 357 3303 dctus
375 3239 456 3301 mend
471 3240 622 3309 internos,
638 3258 692 3300 nec
709 3258 842 3303 summus
859 3239 1010 3308 Pontifex,
1031 3259 1085 3303 nco
1101 3240 1231 3321 Episcopi

231 3325 422 3388 reservandos
441 3324 496 3384 sibi
515 3342 654 3403 umquem
669 3334 854 3386 censuerunt.
867 3324 942 3401 ibid.
957 3345 984 3385 c.
1000 3327 1030 3386 5.
1049 3344 1080 3384 ιι.
1094 3327 1123 3384 ii.
1145 3334 1148 3342 “

267 3410 425 3488 Reguinres
440 3426 500 3469 non
517 3407 613 3471 schim
632 3427 781 3469 reservare
800 3408 996 3488 probibentur·
1017 3409 1073 3470 ulia
1089 3409 1231 3483 erimina,

226 3489 313 3563 quim
327 3509 393 3566 qum
406 3493 437 3549 in
458 3491 576 3550 decreto
593 3489 680 3550 Cicm.
700 3492 1071 3560 V1!J.‹t‹›ttntnni=n,sed
1091 3511 1146 3553 uec
1166 3508 1230 3571 pos·

226 3579 296 3627 sunt
311 3573 366 3629 utin
382 3572 420 3630 nb
447 3571 494 3631 his
510 3574 625 3634 diuersa
648 3577 770 3635 crimina
794 3576 910 3653 iiiigure
929 3579 1049 3639 ceirsut‘d
1066 3572 1229 3654 rosen-nt,

1242 3646 1304 4140 p
