2642 4167
329 163 335 172 ·
391 197 416 279 S.
431 201 455 259 l.
472 199 518 259 De
531 170 882 258 oratioueuteditntioais.
1024 244 1032 259 .
1085 203 1142 261 tot

136 298 336 379 resignando,
359 304 390 359 et
409 296 568 374 repetendo
581 294 647 373 plds
662 294 750 374 quim
769 296 841 356 alios
856 340 864 368 ‚
877 303 975 358 actum
995 299 1078 359 iilum
1092 299 1139 359 cui

135 385 233 444 anima
247 401 279 443 se
292 381 385 455 magis
397 381 487 440 sentit
502 380 682 439 inclinatam.
701 380 772 438 Dico
786 381 815 439 2.
833 390 967 441 exerceat
985 399 1017 443 se
1036 382 1070 443 in
1088 401 1142 464 pe·

135 466 242 543 tendo,·
259 485 329 526 nam
342 464 359 525 d
373 465 518 544 petitione
536 481 624 523 omno
640 470 774 523 nostrum
791 463 903 526 bonum
924 466 1092 543 dependet,
1110 475 1141 527 ct

134 555 165 614 S.
180 549 368 630 Auqustinuo
385 548 483 625 inquit
499 549 592 606 Deum
611 546 761 607 ordinarie
778 548 890 608 nnllam
907 551 1030 627 gratiam
1045 549 1141 611 honri·

134 636 223 697 uibus
243 632 422 701 concedere,
448 638 478 690 et
496 630 658 708 pracsertim
680 631 804 708 gratiam
822 634 1064 709 perseverantie,
1083 635 1145 695 nisi·

134 737 189 799 per
205 716 335 779 canalem
350 713 513 791 petitionis.
529 714 673 773 Dominus
686 713 779 773 dixit:
795 714 910 788 Petite,
926 725 953 776 et
973 716 1141 797 accipietis3

134 820 205 880 crgo
219 798 369 862 concludit
383 799 414 858 S.
429 794 585 870 Therasia,
604 796 656 874 qui
675 815 735 856 non
759 797 849 876 petit,
865 816 924 860 non
940 801 1053 878 accipit.
1064 801 1142 874 Qua-

134 894 257 965 propter
269 884 294 942 si
314 882 451 942 volumus
476 881 606 939 animam
633 884 771 940 nostram
790 883 929 953 salvare,
956 902 1071 943 necesse
1098 893 1142 945 cst

132 987 250 1049 semper
262 984 366 1041 orare,
385 975 415 1026 ct
432 973 501 1025 ante
520 966 619 1025 omnia
633 972 734 1041 petere
747 969 1011 1042 perseverantiam,
1026 977 1143 1030 etamo·

132 1072 199 1114 rem
216 1070 285 1129 erga
301 1053 407 1110 Deum.
423 1051 460 1107 Et
480 1048 602 1126 quidem
616 1050 733 1108 nullum
748 1058 864 1127 ternpus
885 1055 1080 1130 opportunius
1098 1062 1142 1115 est

134 1135 366 1215 adpetendum,
381 1132 469 1212 quam
484 1142 600 1210 tempus
613 1134 754 1194 orationis
764 1136 911 1194 mentalis.
922 1137 978 1208 Qui
990 1155 1049 1196 non
1064 1148 1140 1213 orat,

133 1220 295 1282 difficiliter
310 1219 403 1297 petit,
424 1218 492 1294 quia
515 1215 676 1277 difficiliter
692 1235 723 1277 se
748 1227 845 1278 actuat
863 1219 900 1279 ad
918 1220 1142 1282 considerandas

133 1305 264 1384 gratias,
283 1301 391 1379 quibus
414 1309 508 1379 eget,
538 1308 568 1360 et
594 1302 795 1361 necessitatem
827 1304 921 1380 ipsam
948 1306 1090 1382 petendi;
1112 1313 1143 1366 et

133 1387 202 1449 ided
213 1388 264 1467 qui
287 1403 346 1445 non
360 1386 428 1444 iacit
442 1385 624 1455 orationem,
646 1384 805 1446 difficulter
819 1387 850 1446 in
864 1388 916 1446 Dei
930 1389 1025 1465 gratia
1042 1407 1142 1467 perse·

133 1481 230 1533 vernt.
246 1471 319 1531 Dico
343 1470 372 1528 5.
389 1469 421 1528 in
442 1467 618 1540 statuendo,
637 1478 671 1528 ut
694 1471 771 1530 ratio
795 1488 856 1530 non
878 1481 1029 1531 remancat
1049 1472 1144 1532 infruss

136 1565 258 1631 canosa,
280 1561 311 1614 ot
330 1553 427 1612 anima
445 1553 564 1612 mandet
577 1554 742 1629 executioni
753 1572 786 1612 ea
806 1554 918 1613 lumina
932 1597 941 1625 ‚
957 1573 1022 1632 quoe
1035 1555 1066 1615 iu
1080 1573 1146 1615 ora·

134 1641 217 1700 tione
241 1638 353 1715 recepit
374 1658 382 1694 ε
403 1636 501 1707 unde,
524 1636 775 1713 quemadmodum
792 1637 890 1714 inquit
914 1640 945 1696 S.
969 1637 1145 1700 Franciscas

134 1720 287 1794 Sobrius,
309 1738 396 1781 ncrno
418 1720 505 1779 debet
523 1721 677 1797 imponere
697 1720 788 1779 finem
813 1720 961 1791 orationi,
985 1719 1043 1780 nisi
1062 1719 1145 1799 priris

133 1807 236 1868 iecerit
252 1806 460 1884 particularem
479 1805 608 1882 aliquam
625 1804 927 1878 determinationem,
942 1802 1014 1882 putb
1027 1805 1142 1867 vitandi
1211 1848 1215 1856 ·

135 1891 266 1952 delectus
284 1891 426 1969 quosdam
440 1891 531 1966 magis
545 1890 679 1965 usualcs;
699 1898 750 1950 aut
763 1890 917 1949 exercendi
935 1891 1077 1952 virtutem
1089 1893 1144 1953 ali·

136 1992 227 2054 quam
239 2018 248 2048 ,
261 1975 295 2033 in
311 1992 369 2053 qua
384 1992 415 2034 se
433 1976 527 2033 noscit
540 1974 726 2033 debiliorem.
741 1973 885 2033 Videatur
903 1975 977 2034 circa
995 1974 1051 2036 hoc
1063 1977 1144 2055 quod

137 2059 254 2120 dicetur
268 2059 299 2118 in
314 2058 482 2136 Appendice
496 2056 597 2117 rcrsds
608 2058 720 2130 linem,
737 2055 805 2120 clam
819 2059 976 2137 loquemur
988 2059 1026 2121 de
1038 2061 1146 2123 iustru-

136 2144 236 2205 ctione
246 2159 301 2221 pro
314 2143 447 2202 oratione
463 2142 584 2202 mentali
597 2139 624 2222 S.
640 2143 693 2201 lll.
794 2161 801 2167 “

175 2229 246 2288 tib.
262 2225 364 2304 Exiget
377 2226 468 2303 igitur
488 2227 680 2286 conl'cssarius
699 2227 737 2287 ab
752 2227 905 2288 animabus
924 2228 987 2288 istis
999 2233 1146 2292 rationem

138 2311 300 2385 orationis3
314 2309 495 2388 exquirendo
513 2310 550 2369 ab
569 2310 628 2369 illis
652 2312 801 2388 quomodo
821 2321 873 2372 aut
897 2314 928 2372 in
950 2330 983 2372 ca
1004 2331 1035 2372 se
1049 2332 1148 2390 gesse·
1229 2310 1231 2318 '

137 2398 224 2469 rint,
241 2402 293 2454 aut
312 2394 417 2453 saltem
438 2395 462 2453 si
486 2394 633 2471 iecerint3
655 2405 686 2454 ct
707 2397 840 2474 imponat
864 2397 943 2465 illis,
967 2404 1002 2455 ut
1024 2397 1056 2463 in
1076 2414 1148 2457 con·

136 2479 264 2540 sessione
287 2486 357 2537 unte
382 2479 480 2536 omnia
511 2476 567 2537 alia
593 2495 623 2538 se
645 2488 781 2539 accusent
802 2479 838 2537 do
863 2479 996 2545 oratione
1018 2481 1146 2554 omissa,

138 2562 259 2642 quando
280 2579 345 2622 earn
365 2561 599 2639 intermiseriut3
620 2564 761 2639 quoniam
781 2562 883 2621 relicta
904 2562 1035 2619 oratione
1048 2562 1148 2621 anima

138 2651 246 2712 salvari
270 2669 333 2711 non
351 2651 593 2727 potentatuum
617 2668 684 2730 quor
710 2647 820 2708 otnittit
841 2645 1004 2706 orationem
1022 2645 1149 2723 (dicebat

137 2736 171 2796 S.
189 2733 336 2811 Therasia)
352 2741 503 2814 tamquam
519 2736 539 2793 ὰ
557 2733 713 2811 semetipso
725 2748 754 2790 aa
766 2727 886 2790 collocat
903 2728 936 2786 iu
955 2727 1073 2807 biferno
1084 2733 1152 2809 sino

137 2837 228 2900 opero
245 2815 422 2878 dcerrzomuu.
437 2817 483 2876 Oh
500 2819 579 2877 Deus
600 2827 630 2876 et
652 2824 794 2893 quantam
815 2813 981 2875 confessarii
1006 2813 1145 2876 afferrent
1232 2876 1236 2879 .

137 2900 292 2962 animabus
308 2901 465 2960 utilitatem
487 2898 654 2961 adhibendo
677 2899 753 2958 hanc
772 2899 918 2959 mininam
941 2896 1125 2976 diligentiam
1136 2901 1149 2967 l,

138 2988 176 3045 Et
189 2984 229 3044 ob
241 2984 356 3060 qualem
369 2986 428 3044 Deo
439 2985 583 3044 rationem
599 2992 668 3043 sunt
677 2982 822 3042 reddituri
836 3026 845 3055 ,
860 2981 916 3041 nisi
929 2981 968 3040 ita
981 2999 1012 3041 se
1024 2990 1145 3059 gerant,

138 3069 279 3146 quonium
296 3067 352 3144 ipsi
372 3076 510 3126 tenentur
523 3085 699 3143 procurare,
716 3066 860 3144 quantiam
875 3066 905 3124 in
922 3082 954 3123 sc
973 3075 1035 3137 est,
1059 3065 1146 3142 spiri·
1233 3124 1239 3134 ,

138 3153 250 3210 arratam
272 3167 462 3227 progressum
485 3169 605 3209 suorum
627 3152 853 3228 poenitcntium!
875 3147 921 3207 Oh
944 3159 1018 3225 quot
1034 3150 1146 3208 animas

137 3243 258 3313 possent
279 3236 335 3311 ipsi
359 3234 396 3293 ad
423 3235 500 3293 viam
526 3236 712 3311 perfectiouis
736 3235 880 3310 dirigere,
903 3230 1048 3312 easque-d
1071 3234 1146 3292 reci·

137 3318 215 3378 diris
231 3318 262 3376 in
280 3327 398 3394 peccata
420 3319 520 3395 grania
542 3319 689 3389 liberare,
708 3320 732 3376 si
746 3317 920 3377 adhiberent
934 3314 1009 3373 banc
1027 3325 1145 3376 tenuem

136 3400 315 3460 industriam
336 3399 484 3478 dirigendi
501 3419 547 3459 cns
563 3420 617 3479 por
630 3403 708 3460 viam
725 3400 885 3474 orationis3
900 3407 929 3457 et
942 3399 1145 3477 interrogandi

137 3484 238 3560 postea
255 3483 361 3543 saltem
373 3485 429 3543 sub
443 3485 534 3543 initiis
546 3487 613 3546 ritae
626 3483 786 3563 spiritualis
800 3480 901 3542 utrum
924 3484 987 3541 eam
1004 3484 1145 3558 iecerint,

135 3565 186 3627 rel
202 3568 282 3630 nonl
298 3567 424 3642 Quando
446 3568 544 3635 anima
564 3568 659 3647 aliqua
676 3586 708 3628 sc
725 3568 757 3627 in
775 3567 908 3629 oratione
926 3565 1078 3643 solidavit,
1089 3567 1145 3627 dii-
