2642 4167
186 243 243 303 532
373 242 508 323 Epitomc
521 240 662 302 doctrino
677 238 799 303 narratis
813 248 842 300 ot
854 242 1001 303 canonico

185 343 291 420 recipit
312 343 349 403 ab
373 344 424 404 illo
443 350 658 404 sacramentum
677 343 819 414 scienter,
835 349 953 421 peccato
977 339 1041 417 ejus
1062 357 1192 402 commu·

186 427 283 496 nicet,
296 444 362 503 qun
375 436 420 488 cst
439 427 655 488 animadversio
671 427 704 487 S.
723 424 851 487 Thonrae.
866 424 942 485 ibid.
954 443 981 484 c.
997 426 1044 485 lt.
1059 442 1091 483 n.
1106 426 1136 484 2.
1146 428 1191 483 Ex

186 526 245 586 quo
261 510 391 571 intercur
405 529 523 589 peccare
543 512 628 571 illum
643 511 774 588 graviter
784 511 858 587 ,oni
878 517 1094 568 sacramentum
1105 510 1193 568 susci·

187 592 258 671 pili
274 594 423 655 sacerdote
440 593 622 654 schismatico
634 636 642 663 ,
656 595 703 653 vel
717 594 986 664 excommunicato,
997 611 1033 652 cx
1045 610 1095 664 co,
1110 590 1192 669 quod

186 674 250 754 ujus
272 687 391 757 pcccato
408 680 615 740 communicet.
632 678 709 737 ibid.
723 697 755 736 n.
772 679 802 737 5.

225 765 270 823 An
300 764 388 824 unico
414 771 531 841 peccato
558 772 656 839 prccoet
682 762 838 831 sacerdos,
864 763 916 839 qui
946 761 1046 822 lethali
1074 768 1192 840 peccato

187 848 310 907 iniectus
323 846 458 923 pluribus
475 854 692 905 sacramentnm
710 844 898 904 Euclraristioe
916 846 1121 917 administrat,
1135 845 1193 903 dis·

186 930 283 990 sidcut
307 931 385 989 intcr
402 946 433 988 se
452 930 537 1003 ulla
552 929 602 989 alii
623 930 705 988 eninr
727 929 847 987 unicum
871 937 1052 1005 agnoscunt,
1074 927 1192 1004 quando

188 1032 242 1092 per
260 1014 459 1073 continuatam
482 1012 628 1072 actionem
649 1012 785 1090 pluribus
808 1011 978 1081 ministrat,
996 1011 1046 1070 alii
1067 1010 1192 1070 totidem

187 1104 303 1176 peccata
322 1096 540 1173 multiplicant,
558 1106 632 1173 qtrot
654 1105 724 1155 sunt
741 1093 852 1154 tidcles.
869 1095 944 1154 lbid.
958 1112 989 1155 n.
1004 1096 1034 1155 5.

226 1183 292 1241 lt'un
316 1180 385 1239 licet
405 1180 457 1239 uni
481 1197 517 1238 cx
540 1178 677 1238 tidclibus
696 1180 796 1256 plures
809 1178 982 1254 particulas,
1002 1178 1048 1238 vol
1072 1177 1194 1253 majoris

187 1264 300 1324 moduli
322 1262 446 1323 hostiam
466 1263 618 1340 proebero,
638 1264 717 1339 quod
738 1265 833 1321 votuit
851 1263 882 1319 S.
896 1262 928 1321 C.
942 1264 1030 1322 conc.
1044 1263 1131 1322 Docr.
1145 1278 1195 1339 ap

187 1347 311 1427 probato
332 1347 368 1406 ub
387 1349 563 1408 Innoc.X1.
578 1347 626 1405 dic
644 1348 693 1405 tu.
705 1345 791 1405 Febr.
808 1347 893 1405 1679.
910 1345 986 1405 lbid.

227 1432 372 1493 Peccatori
387 1441 489 1509 parato
502 1431 632 1509 racipere
645 1431 675 1489 in
689 1439 808 1508 peccato
820 1431 1037 1489 Sacramentum
1052 1446 1111 1489 non
1125 1430 1197 1491 licet

188 1517 297 1581 oilcrrc
310 1515 434 1577 hostiam
449 1532 508 1574 non
524 1524 718 1574 consecutam
732 1532 787 1591 pro
800 1513 963 1573 consecrati
976 1513 1015 1572 ob
1027 1514 1198 1592 periculum

188 1601 383 1672 idololatria,
399 1609 462 1660 tum
474 1608 607 1678 rcspcctu
621 1597 824 1676 suscipientis,
837 1607 902 1657 tum
915 1596 1102 1657 adstantium.
1115 1598 1197 1657 lbid.

188 1705 214 1747 c.
233 1686 316 1746 dibu.
337 1687 366 1746 t.
1206 1700 1209 1705 “

228 1769 385 1847 Purgatio,
409 1786 478 1846 qun
497 1767 569 1827 olim
589 1766 679 1827 fiebat
697 1783 751 1844 per
770 1764 1000 1834 Eucharistinm,
1019 1765 1076 1843 mid
1103 1784 1200 1828 sacer·

187 1853 241 1913 dos
250 1852 330 1912 fideli
343 1852 594 1912 communicaturo
603 1847 1043 1925 denuntiabat,CorprusClrristi
1056 1849 1200 1911 loturum

186 1937 231 1996 illi
256 1935 293 1994 ad
315 1934 538 2014 probationem,
562 1933 631 1992 licat
650 1933 727 1992 lorti
746 1951 806 1992 non
827 1936 974 1991 continent
998 1932 1201 1991 tentationem

186 2021 258 2091 lici,
273 2029 307 2080 ut
326 2037 386 2079 non
407 2018 484 2079 mold
502 2017 696 2077 ratiocinatur
720 2019 869 2097 Vosque25
890 2015 978 2077 bodio
1001 2027 1099 2076 tamon
1122 2017 1201 2078 cirus

186 2104 324 2181 abrogata
339 2102 429 2162 luerit
449 2118 504 2179 pcr
522 2110 593 2159 text.
609 2119 644 2159 cx
657 2103 727 2178 Cap.
745 2103 796 2159 Bar
814 2108 952 2175 taonem,-
965 2101 996 2159 in
1010 2116 1095 2160 usum
1109 2117 1201 2160 rcvo

187 2187 247 2247 cori
268 2204 327 2245 non
349 2192 456 2263 potest.
477 2187 520 2243 Dc
531 2185 634 2243 Sacril.
649 2185 727 2242 bliss.
740 2185 760 2241 l.
776 2185 805 2241 5.
818 2203 845 2241 c.
863 2185 911 2242 ιθ.
930 2201 960 2241 n.
976 2184 1006 2243 5.

225 2268 411 2331 Consuetudo
432 2265 644 2327 Eucharistiam
665 2267 789 2343 negandi
805 2268 863 2325 reis
880 2267 916 2325 ad
935 2277 1058 2327 mortcrn
1072 2267 1203 2330 damna·

186 2355 242 2424 tis,
262 2353 312 2412 ubi
330 2352 474 2422 involuit,
491 2368 587 2428 neque
605 2351 765 2428 probatur,
783 2367 879 2426 ncqtrc
892 2351 1052 2420 refellitur,
1069 2351 1120 2409 sad
1139 2353 1201 2413 nbi

187 2436 314 2498 invaluit
331 2435 494 2510 contraria,
507 2437 610 2512 utique
622 2433 776 2494 retinenda
794 2443 855 2501 est,
875 2434 986 2509 aliquid
1004 2445 1101 2493 tamen
1118 2444 1203 2496 tem·

186 2523 266 2603 poris
292 2520 539 2598 interponendum
560 2526 604 2576 cst
630 2517 708 2575 intur
727 2519 966 2576 communionem
986 2526 1017 2576 ct
1040 2527 1200 2593 mortem,

186 2624 247 2684 quo
265 2606 375 2683 species
400 2602 598 2664 eucharistica
620 2608 842 2660 consumantur.
860 2603 903 2660 Do
922 2602 1000 2660 Sacr.
1021 2603 1099 2661 ldiss.
1120 2603 1212 2665 1.·5.

185 2710 212 2749 c.
230 2691 259 2748 2.
274 2707 304 2747 ιι.
321 2690 351 2748 o.

224 2773 254 2832 Si
280 2770 403 2848 alicujus
428 2772 584 2832 sacerdotis
611 2770 786 2847 negligendi
814 2769 925 2845 aliquid
947 2769 1137 2829 Eucharistiae
1165 2773 1202 2834 in

185 2867 295 2918 terram
307 2856 467 2925 docidcrit,
481 2856 736 2915 rulrricaelllissalis
748 2854 897 2912 servandae
908 2864 977 2912 sunt
988 2876 997 2928 3
1009 2872 1203 2930 quamquam

184 2940 335 3003 latendum
356 2949 419 3006 cst,
440 2939 590 2997 canonicas
601 2955 701 3014 poenas
715 2939 898 2996 absolevisse.
912 2939 943 2997 Si
959 2937 1030 2997 verb
1046 2938 1204 3014 fragmen·
1230 2966 1233 2969 ·

185 3035 250 3086 tum
268 3022 387 3100 aliquod
404 3023 434 3080 in
447 3020 574 3080 ioeminac
594 3030 694 3097 pectus
706 3021 868 3090 deciderit,
883 3029 1001 3098 proestnt
1020 3030 1054 3079 ut
1067 3021 1203 3085 loemiun

184 3110 244 3170 suis
265 3109 325 3186 ipsa
345 3107 482 3166 manibus
500 3106 629 3164 levatum
651 3108 684 3164 in
703 3123 735 3165 os
757 3104 880 3182 injiciat.
898 3103 972 3163 lbid.
990 3124 1021 3164 n.
1039 3106 1069 3165 7.

224 3189 371 3252 Pnrochus
393 3187 603 3249 Euclraristiam
628 3189 781 3258 deserens,
807 3189 854 3247 vcl
877 3188 1000 3247 cadaver
1025 3189 1202 3263 saucians,

183 3277 208 3336 si
225 3275 384 3355 impeditus
397 3274 434 3332 sit
446 3317 454 3342 ,
468 3271 626 3350 quominus
642 3283 689 3332 cat
701 3291 753 3351 por
766 3274 843 3331 viam
861 3273 1026 3351 publicam,
1037 3271 1087 3347 jus
1099 3271 1205 3338 babet

184 3357 353 3419 transeundi
364 3372 417 3435 per
426 3374 528 3434 agrum
541 3357 670 3415 alienum
681 3401 690 3426 ,
701 3374 754 3415 nec
764 3355 901 3434 impediri
913 3364 1009 3433 potest
1021 3354 1036 3414 i
1046 3355 1202 3433 domino,

183 3440 387 3581 Recllgmglpurg
398 3441 548 3581 eguimuai
561 3458 731 3500 concessum
744 3449 788 3499 est
800 3439 922 3498 cuilibet
932 3438 970 3498 dc
979 3439 1100 3518 populo.
1112 3440 1201 3501 Inst.

221 3602 253 3659 sl
272 3606 337 3677 quis
357 3603 490 3664 sacerdos
508 3614 634 3682 agnotus
653 3605 799 3665 viaticum
819 3605 965 3685 suscipere
983 3604 1072 3663 vellet
1092 3608 1204 3668 nanni-
