2642 4167
155 216 214 279 itt
395 214 532 276 Examen
544 163 787 275 ordinandontnn
802 212 875 293 cap.
889 212 918 273 5.

154 317 299 375 violantes
311 314 530 376 immunitatem
549 313 770 374 ecclesiasticam
784 355 792 383 ,
806 311 823 372 ia
837 329 895 390 qna
906 309 1082 373 absolvendo
1095 312 1160 376 Cie-

154 413 236 459 nnnc
262 401 351 459 VIII.
375 399 465 458 etiam
488 397 682 476 llcgnlacibus
705 396 873 458 facultatem
900 397 1161 476 abstulit‚‚paout

153 481 263 543 dicitur
278 483 310 543 ln
326 485 423 544 rauca.
436 483 485 543 eil·
501 501 535 543 n.
546 484 598 558 tt,
619 482 671 541 illa
692 480 808 542 natam
821 482 984 541 ineueaitun
1000 482 1037 540 ab
1055 484 1091 542 iis
1104 485 1160 561 qui

153 566 298 626 violenter
324 576 355 627 ct
379 565 487 644 injuste
509 565 669 627 extrahunt
689 565 726 625 ah
753 566 878 625 Ecclesia
898 566 1096 644 confugientes
1118 565 1159 628 ad

153 667 237 726 eam;
252 648 381 713 Clemens
393 652 474 711 enim
491 652 523 710 in
540 667 594 710 suo
607 651 730 708 Decreta
749 649 862 712 nattam
883 649 972 710 eliam
988 668 1159 713 excommu-
1199 663 1201 666 ’

152 734 330 795 nicationem
344 735 537 814 Regulsribus
556 735 666 794 vetavit
677 734 828 794 absolvere
840 744 973 813 respectu
991 735 1027 795 ad
1043 738 1159 799 violan-

152 825 197 878 tos
214 819 451 895 immunitatem,
467 819 557 898 quim
577 819 659 878 illam
679 837 745 897 quac
765 818 911 882 declarata
932 819 1025 881 fuiti
1049 823 1158 904 Grepa-

151 904 198 964 rio
206 904 295 965 XIV.
310 906 360 981 qui
380 905 411 964 in
428 901 509 964 bulla
528 905 559 963 t.
580 903 739 963 declaravit
761 904 902 965 violantes
917 906 1157 980 immunitatem,

151 1001 206 1064 pen
243 987 454 1049 extinctionem
491 987 685 1065 confugientis
724 987 761 1048 ad
797 988 982 1059 Ecclesiam,
1007 988 1159 1051 incurrere

151 1069 216 1147 ipso
236 1070 311 1131 lacto
328 1071 461 1131 eamdem
475 1072 810 1132 excommunicationem
829 1073 980 1149 papalem,
996 1090 1062 1150 qnoe
1074 1074 1167 1150 prinis

149 1154 304 1214 fulminata
313 1157 368 1216 luit
376 1156 729 1217 inviolanteslibertatem
740 1157 962 1216 ecelesiasticam
974 1157 992 1216 l
1002 1154 1099 1218 Panlo
1108 1161 1157 1221 II.

150 1236 183 1297 in
199 1239 325 1299 Ectreo.
341 1240 411 1303 Etsi
421 1241 572 1302 Dominioi
581 1266 588 1301 ;
605 1241 640 1301 de
656 1240 763 1320 penit.
777 1248 806 1299 et
818 1255 890 1299 rent.
905 1240 970 1300 cti
990 1240 1074 1302 Siata
1095 1247 1157 1305 IV.

150 1321 183 1381 in
204 1323 259 1383 alia
275 1326 403 1386 Exti-ou.
414 1326 485 1387 Elei
495 1325 663 1399 Dominici,
676 1323 740 1385 cod.
755 1323 800 1383 tit.
815 1325 872 1397 Qui
888 1323 1041 1385 Pontifices
1052 1325 1158 1405 hujus·

152 1408 233 1468 modi
245 1413 579 1472 excommunicationem
591 1412 630 1471 ita
640 1410 696 1469 sibi
707 1418 896 1469 reservarunt
908 1453 917 1479 ,
930 1418 965 1470 ut
980 1411 1012 1470 in
1025 1414 1157 1489 generali

151 1496 336 1555 concessione
353 1495 524 1556 absolvendi
538 1494 554 1554 a
568 1495 682 1553 casibus
703 1494 860 1572 pontificiis
874 1494 936 1554 tae
949 1512 1009 1553 nan
1021 1513 1158 1574 campre-

151 1577 342 1641 penderetur.
365 1581 425 1642 Nec
446 1581 542 1660 obstat
563 1589 660 1639 textus
674 1579 745 1638 ino.
761 1578 835 1637 Cant
856 1595 910 1658 pro
926 1585 997 1652 tna,
1024 1578 1058 1640 de
1078 1589 1156 1642 sent.

150 1681 302 1736 excomm,
324 1663 394 1736 ubi,
416 1663 485 1725 ciam
505 1665 610 1741 aliquis
627 1663 660 1722 in
679 1661 967 1738 elaustrocujatsdam
984 1666 1157 1725 monasterii

151 1747 309 1826 quemdam
323 1748 462 1808 clericum
482 1749 683 1818 uerberasset,
705 1746 815 1807 dicitur
833 1745 865 1806 in
887 1755 986 1813 textu,
1001 1748 1084 1807 illam
1098 1748 1158 1807 du·
1223 1770 1226 1774 ’
1311 1769 1312 1796 a

151 1832 258 1910 plicam
279 1834 435 1892 incurrisse
455 1832 806 1900 excommunicationem,
825 1848 914 1890 unam
929 1831 999 1907 qiaia
1012 1832 1159 1908 percussit

149 1916 289 1975 clericum
303 1960 310 1984 ,
324 1916 464 1987 alteram,
478 1918 547 1994 qnia
566 1916 639 1975 lesit
652 1914 881 1975 immunitatem.
898 1913 973 1973 Nam
986 1916 1159 1974 communi·

149 2007 197 2059 ter
213 2006 316 2059 notant
330 2001 393 2058 DI).
408 2018 475 2059 cum
490 2004 586 2079 Fopn.
603 2000 637 2059 in
647 2001 697 2058 eit.
717 2017 784 2077 cop.
796 2017 829 2058 n.
852 2000 899 2057 10.
919 2000 1161 2058 excommunica-

149 2083 261 2143 tionem
275 2084 356 2143 illam
377 2083 415 2143 ob
436 2085 586 2144 lesionem
600 2085 799 2143 immanitatis
818 2085 985 2160 impositam
996 2083 1082 2141 luisse
1092 2100 1161 2145 non

148 2166 165 2227 d
181 2167 250 2246 jure
261 2213 269 2239 ,
282 2168 332 2227 sed
354 2168 391 2227 ab
411 2169 476 2246 ipso
493 2168 653 2248 Episcop03
668 2170 708 2227 ita
722 2167 836 2239 Aibat,
848 2167 970 2227 Gordiu.
982 2166 1157 2227 Anicia-aron.

112 2301 115 2307 .
148 2269 216 2313 cnm
228 2249 380 2313 innocent.
399 2254 449 2329 qui
462 2252 574 2323 verbo,
592 2249 768 2331 Daphnem,
787 2253 829 2312 sic
848 2251 1026 2311 annotavit:
1048 2247 1160 2327 Dupli-

148 2353 207 2397 cem
220 2382 229 2408 ,
242 2336 275 2397 id
285 2343 329 2397 cat
341 2335 375 2396 ab
385 2335 569 2416 injectionem
586 2353 732 2395 mannum
742 2336 806 2415 ipsa
815 2336 903 2417 jure,
917 2343 946 2396 ct
963 2331 1158 2395 violationem

147 2419 273 2483 claustri
289 2407 356 2481 atla·
373 2437 406 2482 co
426 2420 591 2500 (Episcopo)
612 2415 806 2481 inteltellim
824 2424 921 2502 Fopn.
942 2439 1010 2480 onan
1030 2416 1099 2477 niiic
1118 2419 1157 2480 in

148 2523 213 2586 cop.
227 2509 311 2566 Inter
329 2441 408 2582 nio,
424 2505 458 2566 de
471 2505 596 2565 imnann.
621 2504 687 2565 ccci.
714 2524 747 2564 n.
772 2508 853 2580 102„
870 2516 903 2565 nt
926 2516 1038 2564 eentum
1063 2500 1159 2563 habet

147 2592 258 2649 nullam
268 2591 367 2650 adesse
378 2592 710 2651 excommunicationem
726 2592 792 2650 latm
802 2591 1043 2668 sententiacPapae
1055 2608 1159 2651 resen-

147 2684 244 2735 vatam
255 2685 355 2735 contra
369 2677 564 2753 percutientes
582 2677 629 2735 vel
644 2677 774 2735 locantes
787 2675 819 2735 in
832 2674 968 2738 Ecclesia
1009 2744 1010 2747 Ἴ

403 2855 429 2936 §.
442 2856 492 2918 IV.
508 2859 551 2916 De
570 2858 701 2917 censuris
720 2858 750 2916 in
771 2857 875 2935 speeie.

416 3001 455 3058 Et
467 3001 495 3059 I.
509 3001 555 3059 Dc
567 2999 874 3061 excommunicatione.

183 3175 232 3233 81.
248 3203 285 3217 -
297 3103 572 3233 anouaummmo
596 3178 639 3228 est
655 3186 801 3239 mnenon,
823 3187 879 3249 per
899 3189 991 3251 quana
1009 3172 1161 3251 privatur

144 3258 228 3319 honae
255 3254 456 3319 coanntnnione
478 3252 679 3315 eeclesiastico.
702 3257 752 3313 Est
778 3254 911 3331 duplex:
939 3255 1062 3328 Minor,
1083 3278 1160 3335 quoe

142 3344 239 3418 privat
256 3338 370 3400 tantum
392 3357 446 3398 usu
463 3340 595 3416 passivo,
615 3355 666 3397 seu
688 3340 855 3417 receptione
873 3349 1158 3421 sacramentorum

143 3422 208 3480 nida
226 3420 248 3481 i.
268 3426 298 3484 7.
313 3442 346 3481 n.
368 3425 435 3482 155.
462 3426 497 3482 Et
514 3422 633 3503 Major,
657 3441 723 3499 quac
743 3424 841 3500 privat
863 3425 951 3483 ctiam
973 3427 1090 3496 activo,
1122 3441 1157 3491 et

144 3505 224 3561 omni
244 3507 524 3575 communicatione,
541 3517 574 3565 ut
587 3507 662 3567 inlnd
679 3525 749 3568 mon
761 3508 890 3569 dicemus
901 3527 931 3567 n.
943 3510 990 3569 85.

181 3583 229 3640 82.
243 3617 279 3626 -
294 3588 567 3648 Excommunicatus
584 3597 679 3670 potest
698 3608 759 3653 esse
777 3593 825 3652 vcl
858 3594 1015 3669 toleratus,
1034 3593 1079 3672 vol
1102 3598 1155 3671 vi-
