<?xml version="1.0" encoding="UTF-8"?>
<!DOCTYPE html PUBLIC "-//W3C//DTD XHTML 1.0 Transitional//EN"
    "http://www.w3.org/TR/xhtml1/DTD/xhtml1-transitional.dtd">
<html xmlns="http://www.w3.org/1999/xhtml" xml:lang="en" lang="en">
 <head>
  <title>
</title>
<meta http-equiv="Content-Type" content="text/html;charset=utf-8" />
  <meta name='ocr-system' content='tesseract 3.04.00' />
  <meta name='ocr-capabilities' content='ocr_page ocr_carea ocr_par ocr_line ocrx_word'/>
</head>
<body>
  <div class='ocr_page' id='page_1' title='image "./theologiamorali05heilgoog_0195.png"; bbox 0 0 2642 4167; ppageno 0'>
   <div class='ocr_carea' id='block_1_1' title="bbox 368 235 1168 318">
    <p class='ocr_par' dir='ltr' id='par_1_1' title="bbox 368 235 1168 318">
     <span class='ocr_line' id='line_1_1' title="bbox 368 235 1168 318; baseline 0.001 -21"><span class='ocrx_word' id='word_1_1' title='bbox 368 238 395 318; x_wconf 69' lang='grc'><strong>3.</strong></span> <span class='ocrx_word' id='word_1_2' title='bbox 409 237 487 298; x_wconf 84' lang='lat' dir='ltr'><strong>vul.</strong></span> <span class='ocrx_word' id='word_1_3' title='bbox 501 238 621 308; x_wconf 80' lang='lat' dir='ltr'><strong>Preces,</strong></span> <span class='ocrx_word' id='word_1_4' title='bbox 636 242 718 297; x_wconf 83' lang='lat' dir='ltr'><strong>octus</strong></span> <span class='ocrx_word' id='word_1_5' title='bbox 729 235 887 299; x_wconf 73' lang='lat' dir='ltr'><strong>christiani</strong></span> <span class='ocrx_word' id='word_1_6' title='bbox 895 282 905 313; x_wconf 92' lang='lat'><strong>,</strong></span> <span class='ocrx_word' id='word_1_7' title='bbox 919 244 972 299; x_wconf 82' lang='lat' dir='ltr'><strong>ete.</strong></span> <span class='ocrx_word' id='word_1_8' title='bbox 1110 237 1168 299; x_wconf 75' lang='grc'><strong>180</strong></span> 
     </span>
    </p>
   </div>
   <div class='ocr_carea' id='block_1_2' title="bbox 226 453 1096 641">
    <p class='ocr_par' dir='ltr' id='par_1_2' title="bbox 226 453 1096 641">
     <span class='ocr_line' id='line_1_2' title="bbox 226 453 1096 549; baseline -0.01 -17"><span class='ocrx_word' id='word_1_9' title='bbox 226 474 330 532; x_wconf 80' lang='lat' dir='ltr'><strong>Postea</strong></span> <span class='ocrx_word' id='word_1_10' title='bbox 349 453 481 529; x_wconf 78' lang='lat' dir='ltr'><strong>sacerdos</strong></span> <span class='ocrx_word' id='word_1_11' title='bbox 508 485 660 549; x_wconf 80' lang='lat' dir='ltr'><strong>aspersum</strong></span> <span class='ocrx_word' id='word_1_12' title='bbox 675 465 836 547; x_wconf 79' lang='lat' dir='ltr'><strong>Seopcelare</strong></span> <span class='ocrx_word' id='word_1_13' title='bbox 854 469 935 547; x_wconf 77' lang='lat' dir='ltr'><strong>aqud</strong></span> <span class='ocrx_word' id='word_1_14' title='bbox 951 462 1096 526; x_wconf 71' lang='lat' dir='ltr'><strong>benedictii</strong></span> 
     </span>
     <span class='ocr_line' id='line_1_3' title="bbox 442 558 892 641; baseline -0.002 -22"><span class='ocrx_word' id='word_1_15' title='bbox 442 558 596 640; x_wconf 77' lang='lat' dir='ltr'><strong><em>recipienti</em></strong></span> <span class='ocrx_word' id='word_1_16' title='bbox 605 560 758 641; x_wconf 84' lang='lat' dir='ltr'><strong>imponat,</strong></span> <span class='ocrx_word' id='word_1_17' title='bbox 771 558 892 622; x_wconf 82' lang='lat' dir='ltr'><strong>dicens.-</strong></span> 
     </span>
    </p>
   </div>
   <div class='ocr_carea' id='block_1_3' title="bbox 165 751 1170 1445">
    <p class='ocr_par' dir='ltr' id='par_1_3' title="bbox 165 751 1169 1089">
     <span class='ocr_line' id='line_1_4' title="bbox 203 751 1169 836; baseline -0.009 -17"><span class='ocrx_word' id='word_1_18' title='bbox 203 759 318 836; x_wconf 81' lang='lat' dir='ltr'><strong>Aeeipc,</strong></span> <span class='ocrx_word' id='word_1_19' title='bbox 326 756 494 817; x_wconf 85' lang='lat' dir='ltr'><strong>charissime</strong></span> <span class='ocrx_word' id='word_1_20' title='bbox 504 757 594 816; x_wconf 86' lang='lat' dir='ltr'><strong>irater</strong></span> <span class='ocrx_word' id='word_1_21' title='bbox 606 802 614 827; x_wconf 92' lang='lat'><strong>‚</strong></span> <span class='ocrx_word' id='word_1_22' title='bbox 625 755 759 817; x_wconf 86' lang='lat' dir='ltr'><strong>hobitum</strong></span> <span class='ocrx_word' id='word_1_23' title='bbox 769 757 801 816; x_wconf 91' lang='lat' dir='ltr'><strong>B.</strong></span> <span class='ocrx_word' id='word_1_24' title='bbox 813 755 912 815; x_wconf 73' lang='lat' dir='ltr'><strong>atarto</strong></span> <span class='ocrx_word' id='word_1_25' title='bbox 918 753 1061 832; x_wconf 77' lang='lat' dir='ltr'><strong>Virginis,</strong></span> <span class='ocrx_word' id='word_1_26' title='bbox 1069 751 1169 831; x_wconf 75' lang='lat' dir='ltr'><strong>singu-</strong></span> 
     </span>
     <span class='ocr_line' id='line_1_5' title="bbox 167 839 1169 921; baseline -0.008 -17"><span class='ocrx_word' id='word_1_27' title='bbox 167 842 227 904; x_wconf 86' lang='lat' dir='ltr'><strong>lare</strong></span> <span class='ocrx_word' id='word_1_28' title='bbox 244 846 363 921; x_wconf 80' lang='lat' dir='ltr'><strong>signum</strong></span> <span class='ocrx_word' id='word_1_29' title='bbox 386 858 538 901; x_wconf 90' lang='lat' dir='ltr'><strong>servorum</strong></span> <span class='ocrx_word' id='word_1_30' title='bbox 550 843 581 901; x_wconf 89' lang='lat' dir='ltr'><strong>in</strong></span> <span class='ocrx_word' id='word_1_31' title='bbox 596 842 770 901; x_wconf 78' lang='lat' dir='ltr'><strong>memoriam</strong></span> <span class='ocrx_word' id='word_1_32' title='bbox 791 849 903 918; x_wconf 84' lang='lat' dir='ltr'><strong>septem</strong></span> <span class='ocrx_word' id='word_1_33' title='bbox 918 839 1062 898; x_wconf 89' lang='lat' dir='ltr'><strong>Dolorum</strong></span> <span class='ocrx_word' id='word_1_34' title='bbox 1074 879 1082 906; x_wconf 82' lang='lat'><strong>,</strong></span> <span class='ocrx_word' id='word_1_35' title='bbox 1095 853 1169 913; x_wconf 89' lang='lat' dir='ltr'><strong>quos</strong></span> 
     </span>
     <span class='ocr_line' id='line_1_6' title="bbox 165 921 1168 1005; baseline -0.007 -18"><span class='ocrx_word' id='word_1_36' title='bbox 165 927 226 1005; x_wconf 80' lang='lat' dir='ltr'><strong>ipsa</strong></span> <span class='ocrx_word' id='word_1_37' title='bbox 247 930 281 988; x_wconf 88' lang='lat' dir='ltr'><strong>in</strong></span> <span class='ocrx_word' id='word_1_38' title='bbox 303 927 363 987; x_wconf 86' lang='lat' dir='ltr'><strong>vito</strong></span> <span class='ocrx_word' id='word_1_39' title='bbox 395 935 425 987; x_wconf 88' lang='lat' dir='ltr'><strong>et</strong></span> <span class='ocrx_word' id='word_1_40' title='bbox 445 936 541 987; x_wconf 89' lang='lat' dir='ltr'><strong>morte</strong></span> <span class='ocrx_word' id='word_1_41' title='bbox 569 924 718 1004; x_wconf 81' lang='lat' dir='ltr'><strong>Unigeniti</strong></span> <span class='ocrx_word' id='word_1_42' title='bbox 733 926 799 986; x_wconf 85' lang='lat' dir='ltr'><strong>Filii</strong></span> <span class='ocrx_word' id='word_1_43' title='bbox 819 925 863 985; x_wconf 91' lang='lat' dir='ltr'><strong>sui</strong></span> <span class='ocrx_word' id='word_1_44' title='bbox 893 924 1052 995; x_wconf 73' lang='lat' dir='ltr'><strong>sustinuit,</strong></span> <span class='ocrx_word' id='word_1_45' title='bbox 1072 929 1107 981; x_wconf 88' lang='lat' dir='ltr'><strong>ut</strong></span> <span class='ocrx_word' id='word_1_46' title='bbox 1129 921 1168 981; x_wconf 88' lang='lat' dir='ltr'><strong>ita</strong></span> 
     </span>
     <span class='ocr_line' id='line_1_7' title="bbox 168 1009 878 1089; baseline -0.007 -16"><span class='ocrx_word' id='word_1_47' title='bbox 168 1013 290 1073; x_wconf 89' lang='lat' dir='ltr'><strong>indutus</strong></span> <span class='ocrx_word' id='word_1_48' title='bbox 302 1012 358 1072; x_wconf 89' lang='lat' dir='ltr'><strong>sub</strong></span> <span class='ocrx_word' id='word_1_49' title='bbox 372 1011 435 1089; x_wconf 86' lang='lat' dir='ltr'><strong>ejus</strong></span> <span class='ocrx_word' id='word_1_50' title='bbox 448 1012 611 1089; x_wconf 88' lang='lat' dir='ltr'><strong>patrocinio</strong></span> <span class='ocrx_word' id='word_1_51' title='bbox 631 1009 773 1089; x_wconf 75' lang='lat' dir='ltr'><strong>perpetui)</strong></span> <span class='ocrx_word' id='word_1_52' title='bbox 786 1011 878 1070; x_wconf 81' lang='lat' dir='ltr'><strong>vivas.</strong></span> 
     </span>
    </p>

    <p class='ocr_par' dir='ltr' id='par_1_4' title="bbox 165 1106 1170 1445">
     <span class='ocr_line' id='line_1_8' title="bbox 204 1106 1170 1191; baseline -0.005 -18"><span class='ocrx_word' id='word_1_53' title='bbox 204 1113 375 1174; x_wconf 82' lang='lat' dir='ltr'><strong>Benedictio</strong></span> <span class='ocrx_word' id='word_1_54' title='bbox 395 1112 446 1171; x_wconf 85' lang='lat' dir='ltr'><strong>Dei</strong></span> <span class='ocrx_word' id='word_1_55' title='bbox 464 1113 697 1191; x_wconf 84' lang='lat' dir='ltr'><strong>omnipotentis,</strong></span> <span class='ocrx_word' id='word_1_56' title='bbox 713 1117 748 1186; x_wconf 70' lang='lat'><strong>&gt;1⁴</strong></span> <span class='ocrx_word' id='word_1_57' title='bbox 763 1113 879 1188; x_wconf 77' lang='lat' dir='ltr'><strong>Patris,</strong></span> <span class='ocrx_word' id='word_1_58' title='bbox 897 1120 929 1172; x_wconf 87' lang='lat' dir='ltr'><strong>et</strong></span> <span class='ocrx_word' id='word_1_59' title='bbox 947 1110 1032 1181; x_wconf 84' lang='lat' dir='ltr'><strong>Filii,</strong></span> <span class='ocrx_word' id='word_1_60' title='bbox 1055 1116 1086 1168; x_wconf 88' lang='lat' dir='ltr'><strong>ct</strong></span> <span class='ocrx_word' id='word_1_61' title='bbox 1103 1106 1170 1185; x_wconf 88' lang='lat' dir='ltr'><strong>Spi-</strong></span> 
     </span>
     <span class='ocr_line' id='line_1_9' title="bbox 165 1191 1169 1274; baseline -0.005 -16"><span class='ocrx_word' id='word_1_62' title='bbox 165 1198 240 1259; x_wconf 79' lang='lat' dir='ltr'><strong>rtros</strong></span> <span class='ocrx_word' id='word_1_63' title='bbox 262 1199 352 1258; x_wconf 85' lang='lat' dir='ltr'><strong>saneti</strong></span> <span class='ocrx_word' id='word_1_64' title='bbox 372 1197 529 1257; x_wconf 87' lang='lat' dir='ltr'><strong>descendat</strong></span> <span class='ocrx_word' id='word_1_65' title='bbox 552 1206 707 1274; x_wconf 88' lang='lat' dir='ltr'><strong>superte,</strong></span> <span class='ocrx_word' id='word_1_66' title='bbox 730 1207 760 1258; x_wconf 89' lang='lat' dir='ltr'><strong>et</strong></span> <span class='ocrx_word' id='word_1_67' title='bbox 781 1205 898 1258; x_wconf 89' lang='lat' dir='ltr'><strong>moneat</strong></span> <span class='ocrx_word' id='word_1_68' title='bbox 923 1212 1049 1271; x_wconf 81' lang='lat' dir='ltr'><strong>semper.</strong></span> <span class='ocrx_word' id='word_1_69' title='bbox 1072 1191 1169 1253; x_wconf 83' lang='lat' dir='ltr'><strong>Passio</strong></span> 
     </span>
     <span class='ocr_line' id='line_1_10' title="bbox 165 1275 1169 1360; baseline -0.007 -18"><span class='ocrx_word' id='word_1_70' title='bbox 165 1284 285 1344; x_wconf 87' lang='lat' dir='ltr'><strong>Domini</strong></span> <span class='ocrx_word' id='word_1_71' title='bbox 305 1284 399 1343; x_wconf 85' lang='lat' dir='ltr'><strong>nostri</strong></span> <span class='ocrx_word' id='word_1_72' title='bbox 415 1283 484 1343; x_wconf 86' lang='lat' dir='ltr'><strong>Jesu</strong></span> <span class='ocrx_word' id='word_1_73' title='bbox 498 1280 624 1353; x_wconf 87' lang='lat' dir='ltr'><strong>Christi,</strong></span> <span class='ocrx_word' id='word_1_74' title='bbox 641 1290 673 1341; x_wconf 87' lang='lat' dir='ltr'><strong>ct</strong></span> <span class='ocrx_word' id='word_1_75' title='bbox 685 1284 845 1360; x_wconf 81' lang='lat' dir='ltr'><strong>compassio</strong></span> <span class='ocrx_word' id='word_1_76' title='bbox 858 1282 950 1343; x_wconf 74' lang='lat' dir='ltr'><strong>beatae</strong></span> <span class='ocrx_word' id='word_1_77' title='bbox 961 1278 1060 1339; x_wconf 81' lang='lat' dir='ltr'><strong>Moriae</strong></span> <span class='ocrx_word' id='word_1_78' title='bbox 1071 1275 1169 1355; x_wconf 75' lang='lat' dir='ltr'><strong>Virgi-</strong></span> 
     </span>
     <span class='ocr_line' id='line_1_11' title="bbox 165 1366 837 1445; baseline 0.001 -18"><span class='ocrx_word' id='word_1_79' title='bbox 165 1368 208 1427; x_wconf 78' lang='lat' dir='ltr'><strong>nis</strong></span> <span class='ocrx_word' id='word_1_80' title='bbox 221 1369 259 1428; x_wconf 85' lang='lat' dir='ltr'><strong>sit</strong></span> <span class='ocrx_word' id='word_1_81' title='bbox 270 1368 303 1428; x_wconf 89' lang='lat' dir='ltr'><strong>in</strong></span> <span class='ocrx_word' id='word_1_82' title='bbox 314 1366 420 1441; x_wconf 88' lang='lat' dir='ltr'><strong>eorde,</strong></span> <span class='ocrx_word' id='word_1_83' title='bbox 433 1376 463 1426; x_wconf 90' lang='lat' dir='ltr'><strong>ct</strong></span> <span class='ocrx_word' id='word_1_84' title='bbox 477 1384 599 1445; x_wconf 88' lang='lat' dir='ltr'><strong>corpore</strong></span> <span class='ocrx_word' id='word_1_85' title='bbox 609 1377 721 1428; x_wconf 84' lang='lat' dir='ltr'><strong>nostro.</strong></span> <span class='ocrx_word' id='word_1_86' title='bbox 733 1370 837 1428; x_wconf 81' lang='lat' dir='ltr'><strong>Amen.</strong></span> 
     </span>
    </p>
   </div>
   <div class='ocr_carea' id='block_1_4' title="bbox 169 1566 1170 1738">
    <p class='ocr_par' dir='ltr' id='par_1_5' title="bbox 169 1566 1170 1738">
     <span class='ocr_line' id='line_1_12' title="bbox 169 1566 1170 1738; baseline -0.009 -101"><span class='ocrx_word' id='word_1_87' title='bbox 169 1578 272 1725; x_wconf 58' lang='grc' dir='ltr'><strong>ΗΜ.</strong></span> <span class='ocrx_word' id='word_1_88' title='bbox 294 1575 464 1738; x_wconf 61' lang='lat' dir='ltr'><strong>(Ilipnedictio</strong></span> <span class='ocrx_word' id='word_1_89' title='bbox 485 1572 658 1658; x_wconf 80' lang='lat' dir='ltr'><strong>Scoptrluris</strong></span> <span class='ocrx_word' id='word_1_90' title='bbox 675 1573 877 1652; x_wconf 71' lang='lat' dir='ltr'><strong>Consecutionis</strong></span> <span class='ocrx_word' id='word_1_91' title='bbox 897 1568 1095 1634; x_wconf 81' lang='lat' dir='ltr'><strong>imarucuiatoe</strong></span> <span class='ocrx_word' id='word_1_92' title='bbox 1112 1566 1170 1629; x_wconf 82' lang='lat' dir='ltr'><strong>Dor’</strong></span> 
     </span>
     <span class='ocr_line' id='line_1_13' title="bbox 199 1662 348 1724; baseline -0.013 -3"><span class='ocrx_word' id='word_1_93' title='bbox 199 1662 275 1724; x_wconf 81' lang='lat' dir='ltr'><strong>utris</strong></span> <span class='ocrx_word' id='word_1_94' title='bbox 307 1685 311 1695; x_wconf 70' lang='lat'><strong><em>¹</em></strong></span> <span class='ocrx_word' id='word_1_95' title='bbox 340 1702 348 1719; x_wconf 89' lang='lat'><strong>.</strong></span> 
     </span>
    </p>
   </div>
   <div class='ocr_carea' id='block_1_5' title="bbox 205 1863 938 2227">
    <p class='ocr_par' dir='ltr' id='par_1_6' title="bbox 205 1863 938 2039">
     <span class='ocr_line' id='line_1_14' title="bbox 208 1863 938 1948; baseline -0.008 -15"><span class='ocrx_word' id='word_1_96' title='bbox 208 1869 451 1948; x_wconf 65' lang='lat' dir='ltr'><strong>J.Adjutorium</strong></span> <span class='ocrx_word' id='word_1_97' title='bbox 471 1875 605 1930; x_wconf 86' lang='lat' dir='ltr'><strong>nostrum</strong></span> <span class='ocrx_word' id='word_1_98' title='bbox 623 1869 654 1928; x_wconf 90' lang='lat' dir='ltr'><strong>in</strong></span> <span class='ocrx_word' id='word_1_99' title='bbox 674 1863 794 1929; x_wconf 88' lang='lat' dir='ltr'><strong>nomine</strong></span> <span class='ocrx_word' id='word_1_100' title='bbox 804 1865 938 1928; x_wconf 82' lang='lat' dir='ltr'><strong>Domini.</strong></span> 
     </span>
     <span class='ocr_line' id='line_1_15' title="bbox 205 1963 724 2039; baseline -0.008 -16"><span class='ocrx_word' id='word_1_101' title='bbox 205 1967 244 2039; x_wconf 74' lang='lat' dir='ltr'><strong>nt.</strong></span> <span class='ocrx_word' id='word_1_102' title='bbox 265 1963 321 2037; x_wconf 86' lang='lat' dir='ltr'><strong>Qui</strong></span> <span class='ocrx_word' id='word_1_103' title='bbox 334 1963 401 2022; x_wconf 87' lang='lat' dir='ltr'><strong>iecit</strong></span> <span class='ocrx_word' id='word_1_104' title='bbox 418 1963 542 2032; x_wconf 83' lang='lat' dir='ltr'><strong>coelum,</strong></span> <span class='ocrx_word' id='word_1_105' title='bbox 556 1970 587 2021; x_wconf 88' lang='lat' dir='ltr'><strong>ot</strong></span> <span class='ocrx_word' id='word_1_106' title='bbox 602 1968 724 2022; x_wconf 81' lang='lat' dir='ltr'><strong>terram.</strong></span> 
     </span>
    </p>

    <p class='ocr_par' dir='ltr' id='par_1_7' title="bbox 207 2055 583 2129">
     <span class='ocr_line' id='line_1_16' title="bbox 207 2055 583 2129; baseline -0.005 -13"><span class='ocrx_word' id='word_1_107' title='bbox 207 2056 248 2129; x_wconf 72' lang='lat' dir='ltr'><strong>Ji·</strong></span> <span class='ocrx_word' id='word_1_108' title='bbox 262 2057 407 2117; x_wconf 83' lang='lat' dir='ltr'><strong>Dominus</strong></span> <span class='ocrx_word' id='word_1_109' title='bbox 420 2055 583 2117; x_wconf 80' lang='lat' dir='ltr'><strong>vobiscum.</strong></span> 
     </span>
    </p>

    <p class='ocr_par' dir='ltr' id='par_1_8' title="bbox 207 2148 590 2227">
     <span class='ocr_line' id='line_1_17' title="bbox 207 2148 590 2227; baseline 0 -19"><span class='ocrx_word' id='word_1_110' title='bbox 207 2153 244 2227; x_wconf 74' lang='lat' dir='ltr'><strong>V·</strong></span> <span class='ocrx_word' id='word_1_111' title='bbox 262 2150 299 2209; x_wconf 80' lang='lat' dir='ltr'><strong>m</strong></span> <span class='ocrx_word' id='word_1_112' title='bbox 312 2166 381 2209; x_wconf 88' lang='lat' dir='ltr'><strong>cum</strong></span> <span class='ocrx_word' id='word_1_113' title='bbox 401 2148 506 2226; x_wconf 86' lang='lat' dir='ltr'><strong>spiritu</strong></span> <span class='ocrx_word' id='word_1_114' title='bbox 527 2157 590 2209; x_wconf 89' lang='lat' dir='ltr'><strong>tuo.</strong></span> 
     </span>
    </p>
   </div>
   <div class='ocr_carea' id='block_1_6' title="bbox 583 2363 743 2426">
    <p class='ocr_par' dir='ltr' id='par_1_9' title="bbox 583 2363 743 2426">
     <span class='ocr_line' id='line_1_18' title="bbox 583 2363 743 2426; baseline -0.006 -3"><span class='ocrx_word' id='word_1_115' title='bbox 583 2363 743 2426; x_wconf 83' lang='lat' dir='ltr'>OREMUS.</span> 
     </span>
    </p>
   </div>
   <div class='ocr_carea' id='block_1_7' title="bbox 169 2533 1216 3346">
    <p class='ocr_par' dir='ltr' id='par_1_10' title="bbox 169 2533 1216 3346">
     <span class='ocr_line' id='line_1_19' title="bbox 171 2533 1174 2679; baseline 0.002 -17"><span class='ocrx_word' id='word_1_116' title='bbox 171 2533 303 2662; x_wconf 67' lang='lat' dir='ltr'><strong>Dorias</strong></span> <span class='ocrx_word' id='word_1_117' title='bbox 317 2599 386 2659; x_wconf 85' lang='lat' dir='ltr'><strong>Jesu</strong></span> <span class='ocrx_word' id='word_1_118' title='bbox 400 2597 514 2660; x_wconf 80' lang='lat' dir='ltr'><strong>Christe</strong></span> <span class='ocrx_word' id='word_1_119' title='bbox 524 2644 531 2670; x_wconf 92' lang='lat'><strong>,</strong></span> <span class='ocrx_word' id='word_1_120' title='bbox 542 2602 593 2679; x_wconf 78' lang='lat' dir='ltr'><strong>qui</strong></span> <span class='ocrx_word' id='word_1_121' title='bbox 607 2611 724 2679; x_wconf 80' lang='lat' dir='ltr'><strong>tegmen</strong></span> <span class='ocrx_word' id='word_1_122' title='bbox 735 2607 841 2659; x_wconf 81' lang='lat' dir='ltr'><strong>nostrae</strong></span> <span class='ocrx_word' id='word_1_123' title='bbox 853 2601 1038 2660; x_wconf 81' lang='lat' dir='ltr'><strong>mortaiitatis</strong></span> <span class='ocrx_word' id='word_1_124' title='bbox 1052 2603 1174 2664; x_wconf 76' lang='lat' dir='ltr'><strong>iuduere</strong></span> 
     </span>
     <span class='ocr_line' id='line_1_20' title="bbox 171 2682 1174 2762; baseline 0.004 -20"><span class='ocrx_word' id='word_1_125' title='bbox 171 2682 306 2760; x_wconf 81' lang='lat' dir='ltr'><strong>dignatus</strong></span> <span class='ocrx_word' id='word_1_126' title='bbox 318 2700 367 2754; x_wconf 88' lang='lat' dir='ltr'><strong>cs,</strong></span> <span class='ocrx_word' id='word_1_127' title='bbox 382 2690 440 2742; x_wconf 85' lang='lat' dir='ltr'><strong>tuoe</strong></span> <span class='ocrx_word' id='word_1_128' title='bbox 454 2684 596 2761; x_wconf 79' lang='lat' dir='ltr'><strong>largitatis</strong></span> <span class='ocrx_word' id='word_1_129' title='bbox 607 2683 791 2743; x_wconf 85' lang='lat' dir='ltr'><strong>clementiam</strong></span> <span class='ocrx_word' id='word_1_130' title='bbox 807 2682 961 2748; x_wconf 85' lang='lat' dir='ltr'><strong>humiliter</strong></span> <span class='ocrx_word' id='word_1_131' title='bbox 972 2685 1174 2762; x_wconf 84' lang='lat' dir='ltr'><strong>imploramus,</strong></span> 
     </span>
     <span class='ocr_line' id='line_1_21' title="bbox 171 2765 1216 2845; baseline 0.002 -19"><span class='ocrx_word' id='word_1_132' title='bbox 171 2775 203 2827; x_wconf 88' lang='lat' dir='ltr'><strong>ut</strong></span> <span class='ocrx_word' id='word_1_133' title='bbox 219 2765 275 2826; x_wconf 89' lang='lat' dir='ltr'><strong>hoo</strong></span> <span class='ocrx_word' id='word_1_134' title='bbox 292 2784 385 2845; x_wconf 83' lang='lat' dir='ltr'><strong>genus</strong></span> <span class='ocrx_word' id='word_1_135' title='bbox 405 2769 590 2842; x_wconf 78' lang='lat' dir='ltr'><strong>vestimenti,</strong></span> <span class='ocrx_word' id='word_1_136' title='bbox 605 2767 685 2845; x_wconf 90' lang='lat' dir='ltr'><strong>quod</strong></span> <span class='ocrx_word' id='word_1_137' title='bbox 711 2767 743 2825; x_wconf 91' lang='lat' dir='ltr'><strong>in</strong></span> <span class='ocrx_word' id='word_1_138' title='bbox 765 2766 928 2837; x_wconf 86' lang='lat' dir='ltr'><strong>honorem,</strong></span> <span class='ocrx_word' id='word_1_139' title='bbox 953 2776 983 2826; x_wconf 88' lang='lat' dir='ltr'><strong>et</strong></span> <span class='ocrx_word' id='word_1_140' title='bbox 1001 2770 1175 2828; x_wconf 86' lang='lat' dir='ltr'><strong>memoriam</strong></span> <span class='ocrx_word' id='word_1_141' title='bbox 1213 2814 1216 2819; x_wconf 86' lang='lat'>.</span> 
     </span>
     <span class='ocr_line' id='line_1_22' title="bbox 169 2851 1177 2930; baseline 0.003 -22"><span class='ocrx_word' id='word_1_142' title='bbox 169 2851 367 2928; x_wconf 82' lang='lat' dir='ltr'><strong>conceptionis</strong></span> <span class='ocrx_word' id='word_1_143' title='bbox 383 2851 578 2911; x_wconf 76' lang='lat' dir='ltr'><strong>immaculatae</strong></span> <span class='ocrx_word' id='word_1_144' title='bbox 593 2852 685 2911; x_wconf 76' lang='lat' dir='ltr'><strong>beata</strong></span> <span class='ocrx_word' id='word_1_145' title='bbox 706 2851 804 2910; x_wconf 80' lang='lat' dir='ltr'><strong>Mariae</strong></span> <span class='ocrx_word' id='word_1_146' title='bbox 830 2852 960 2930; x_wconf 81' lang='lat' dir='ltr'><strong>Virginis</strong></span> <span class='ocrx_word' id='word_1_147' title='bbox 973 2853 1121 2929; x_wconf 88' lang='lat' dir='ltr'><strong>(necnon,</strong></span> <span class='ocrx_word' id='word_1_148' title='bbox 1142 2858 1177 2911; x_wconf 86' lang='lat' dir='ltr'><strong>ut</strong></span> 
     </span>
     <span class='ocr_line' id='line_1_23' title="bbox 171 2934 1177 3015; baseline 0.002 -23"><span class='ocrx_word' id='word_1_149' title='bbox 171 2934 221 2995; x_wconf 87' lang='lat' dir='ltr'><strong>illo</strong></span> <span class='ocrx_word' id='word_1_150' title='bbox 239 2935 361 2996; x_wconf 89' lang='lat' dir='ltr'><strong>indutus</strong></span> <span class='ocrx_word' id='word_1_151' title='bbox 378 2935 491 3013; x_wconf 83' lang='lat' dir='ltr'><strong>exoret)</strong></span> <span class='ocrx_word' id='word_1_152' title='bbox 508 2938 539 2995; x_wconf 91' lang='lat' dir='ltr'><strong>in</strong></span> <span class='ocrx_word' id='word_1_153' title='bbox 552 2935 708 2996; x_wconf 92' lang='lat' dir='ltr'><strong>hominum</strong></span> <span class='ocrx_word' id='word_1_154' title='bbox 733 2953 891 3015; x_wconf 86' lang='lat' dir='ltr'><strong>pravorum</strong></span> <span class='ocrx_word' id='word_1_155' title='bbox 905 2956 1022 2998; x_wconf 91' lang='lat' dir='ltr'><strong>morum</strong></span> <span class='ocrx_word' id='word_1_156' title='bbox 1034 2937 1177 2997; x_wconf 77' lang='lat' dir='ltr'><strong>reforma-</strong></span> 
     </span>
     <span class='ocr_line' id='line_1_24' title="bbox 172 3018 1177 3100; baseline 0.001 -23"><span class='ocrx_word' id='word_1_157' title='bbox 172 3019 282 3078; x_wconf 86' lang='lat' dir='ltr'><strong>tionem</strong></span> <span class='ocrx_word' id='word_1_158' title='bbox 299 3018 467 3078; x_wconf 83' lang='lat' dir='ltr'><strong>iustitutum</strong></span> <span class='ocrx_word' id='word_1_159' title='bbox 479 3020 552 3090; x_wconf 82' lang='lat' dir='ltr'><strong>tuit,</strong></span> <span class='ocrx_word' id='word_1_160' title='bbox 568 3021 643 3080; x_wconf 84' lang='lat' dir='ltr'><strong>benc</strong></span> <span class='ocrx_word' id='word_1_161' title='bbox 654 3025 691 3095; x_wconf 70' lang='lat'><strong>&gt;1⁴</strong></span> <span class='ocrx_word' id='word_1_162' title='bbox 708 3021 805 3081; x_wconf 88' lang='lat' dir='ltr'><strong>dicore</strong></span> <span class='ocrx_word' id='word_1_163' title='bbox 815 3021 962 3100; x_wconf 69' lang='lat' dir='ltr'><strong>digneris,</strong></span> <span class='ocrx_word' id='word_1_164' title='bbox 979 3019 1071 3081; x_wconf 85' lang='lat' dir='ltr'><strong>uthio</strong></span> <span class='ocrx_word' id='word_1_165' title='bbox 1082 3020 1177 3079; x_wconf 87' lang='lat' dir='ltr'><strong>samu·</strong></span> 
     </span>
     <span class='ocr_line' id='line_1_25' title="bbox 171 3099 1177 3182; baseline 0.005 -23"><span class='ocrx_word' id='word_1_166' title='bbox 171 3101 217 3160; x_wconf 91' lang='lat' dir='ltr'><strong>lus</strong></span> <span class='ocrx_word' id='word_1_167' title='bbox 232 3099 320 3172; x_wconf 83' lang='lat' dir='ltr'><strong>tuus,</strong></span> <span class='ocrx_word' id='word_1_168' title='bbox 336 3102 388 3178; x_wconf 90' lang='lat' dir='ltr'><strong>qui</strong></span> <span class='ocrx_word' id='word_1_169' title='bbox 408 3120 443 3162; x_wconf 91' lang='lat' dir='ltr'><strong>eo</strong></span> <span class='ocrx_word' id='word_1_170' title='bbox 466 3103 587 3164; x_wconf 88' lang='lat' dir='ltr'><strong>indutus</strong></span> <span class='ocrx_word' id='word_1_171' title='bbox 606 3107 715 3180; x_wconf 87' lang='lat' dir='ltr'><strong>suerit,</strong></span> <span class='ocrx_word' id='word_1_172' title='bbox 731 3106 832 3166; x_wconf 75' lang='lat' dir='ltr'><strong>eadem</strong></span> <span class='ocrx_word' id='word_1_173' title='bbox 853 3107 935 3167; x_wconf 70' lang='lat' dir='ltr'><strong>beati</strong></span> <span class='ocrx_word' id='word_1_174' title='bbox 955 3105 1044 3166; x_wconf 77' lang='lat' dir='ltr'><strong>Marii</strong></span> <span class='ocrx_word' id='word_1_175' title='bbox 1056 3104 1177 3182; x_wconf 79' lang='lat' dir='ltr'><strong>Virgine</strong></span> 
     </span>
     <span class='ocr_line' id='line_1_26' title="bbox 174 3186 1178 3266; baseline 0.004 -23"><span class='ocrx_word' id='word_1_176' title='bbox 174 3186 393 3262; x_wconf 84' lang='lat' dir='ltr'><strong>intercedente,</strong></span> <span class='ocrx_word' id='word_1_177' title='bbox 411 3194 440 3246; x_wconf 89' lang='lat' dir='ltr'><strong>te</strong></span> <span class='ocrx_word' id='word_1_178' title='bbox 461 3192 579 3266; x_wconf 85' lang='lat' dir='ltr'><strong>quoquo</strong></span> <span class='ocrx_word' id='word_1_179' title='bbox 597 3190 742 3251; x_wconf 55' lang='lat' dir='ltr'><strong>¹inducere</strong></span> <span class='ocrx_word' id='word_1_180' title='bbox 762 3201 921 3251; x_wconf 84' lang='lat' dir='ltr'><strong>mereatur.</strong></span> <span class='ocrx_word' id='word_1_181' title='bbox 946 3192 1003 3265; x_wconf 81' lang='lat' dir='ltr'><strong>Qut</strong></span> <span class='ocrx_word' id='word_1_182' title='bbox 1030 3188 1125 3261; x_wconf 85' lang='lat' dir='ltr'><strong>vivis,</strong></span> <span class='ocrx_word' id='word_1_183' title='bbox 1147 3194 1178 3250; x_wconf 81' lang='lat' dir='ltr'><strong>et</strong></span> 
     </span>
     <span class='ocr_line' id='line_1_27' title="bbox 172 3278 368 3346; baseline 0 -19"><span class='ocrx_word' id='word_1_184' title='bbox 172 3285 293 3346; x_wconf 77' lang='lat' dir='ltr'><strong>regnas,</strong></span> <span class='ocrx_word' id='word_1_185' title='bbox 311 3278 368 3340; x_wconf 82' lang='lat' dir='ltr'><strong>cto.</strong></span> 
     </span>
    </p>
   </div>
   <div class='ocr_carea' id='block_1_8' title="bbox 180 3476 1179 3607">
    <p class='ocr_par' dir='ltr' id='par_1_11' title="bbox 180 3476 1179 3607">
     <span class='ocr_line' id='line_1_28' title="bbox 206 3476 1179 3547; baseline 0.015 -25"><span class='ocrx_word' id='word_1_186' title='bbox 206 3476 237 3534; x_wconf 83' lang='grc' dir='ltr'><strong>(Ι)</strong></span> <span class='ocrx_word' id='word_1_187' title='bbox 251 3476 299 3524; x_wconf 80' lang='lat' dir='ltr'><strong>noc</strong></span> <span class='ocrx_word' id='word_1_188' title='bbox 310 3479 439 3540; x_wconf 70' lang='lat' dir='ltr'><strong>§capulare</strong></span> <span class='ocrx_word' id='word_1_189' title='bbox 455 3487 494 3527; x_wconf 81' lang='lat' dir='ltr'><strong>est</strong></span> <span class='ocrx_word' id='word_1_190' title='bbox 504 3480 597 3528; x_wconf 84' lang='lat' dir='ltr'><strong>Ordinis</strong></span> <span class='ocrx_word' id='word_1_191' title='bbox 614 3481 754 3529; x_wconf 80' lang='lat' dir='ltr'><strong>clericorum</strong></span> <span class='ocrx_word' id='word_1_192' title='bbox 766 3482 906 3541; x_wconf 67' lang='lat' dir='ltr'><strong>reputarium</strong></span> <span class='ocrx_word' id='word_1_193' title='bbox 917 3485 994 3544; x_wconf 65' lang='lat' dir='ltr'><strong>(rutro</strong></span> <span class='ocrx_word' id='word_1_194' title='bbox 1005 3484 1179 3547; x_wconf 63' lang='lat' dir='ltr'><strong>theatinam)</strong></span> 
     </span>
     <span class='ocr_line' id='line_1_29' title="bbox 180 3547 664 3607; baseline 0.014 -21"><span class='ocrx_word' id='word_1_195' title='bbox 180 3552 205 3586; x_wconf 82' lang='lat' dir='ltr'><strong>rc</strong></span> <span class='ocrx_word' id='word_1_196' title='bbox 220 3550 351 3592; x_wconf 74' lang='lat' dir='ltr'><strong>constater</strong></span> <span class='ocrx_word' id='word_1_197' title='bbox 369 3559 445 3607; x_wconf 77' lang='lat' dir='ltr'><strong>prauo</strong></span> <span class='ocrx_word' id='word_1_198' title='bbox 461 3547 546 3593; x_wconf 81' lang='lat' dir='ltr'><strong>eoloris</strong></span> <span class='ocrx_word' id='word_1_199' title='bbox 560 3548 664 3594; x_wconf 69' lang='lat' dir='ltr'><strong>stridet.</strong></span> 
     </span>
    </p>
   </div>
   <div class='ocr_carea' id='block_1_9' title="bbox 921 3631 984 3678">
    <p class='ocr_par' dir='ltr' id='par_1_12' title="bbox 921 3631 984 3678">
     <span class='ocr_line' id='line_1_30' title="bbox 921 3631 984 3678; baseline 0.032 -2"><span class='ocrx_word' id='word_1_200' title='bbox 921 3631 984 3678; x_wconf 68' lang='lat' dir='ltr'><strong>Edit.</strong></span> 
     </span>
    </p>
   </div>
   <div class='ocr_carea' id='block_1_10' title="bbox 0 0 1335 4167">
    <p class='ocr_par' dir='ltr' id='par_1_13' title="bbox 0 0 1335 4167">
     <span class='ocr_line' id='line_1_31' title="bbox 0 0 1335 4167; baseline 0 0"><span class='ocrx_word' id='word_1_201' title='bbox 0 0 1335 4167; x_wconf 95' lang='lat' dir='ltr'><strong> </strong></span> 
     </span>
    </p>
   </div>
  </div>
 </body>
</html>
