2642 4167
168 167 224 230 ild
353 166 489 247 Epitootc
509 162 649 227 circiriucc
667 159 789 223 literulis
802 171 830 223 ct
848 163 994 228 conotu'cor

168 268 318 329 indultum
332 268 531 347 Apostolicum
542 271 556 326 ‘l
569 283 742 345 responsum
756 267 827 336 tuit,
840 264 973 327 exbiberi
984 262 1090 328 debere
1105 270 1179 330 iliud

168 352 317 414 indultum
339 350 563 427 authenticum,
576 369 612 411 cx
632 350 773 409 Archivio
794 353 952 429 apostolico
968 352 1177 434 desumptum,

168 455 202 499 ac
221 438 342 497 interim
361 436 512 497 abstineri.
526 435 602 497 ibid.
617 454 648 494 n.
663 435 712 494 to.
741 446 744 453 ⁴

206 523 424 584 benedictiones
441 530 471 580 et
485 523 636 581 unctiones
647 537 855 597 campanarum
878 520 943 581 edm
965 518 1180 600 Capitularibus

171 605 272 671 Caroli
280 605 389 687 dloqui
400 606 590 673 indicentur,
612 606 824 682 antiquissimae
844 614 912 665 sunt
928 610 1019 682 ;lnst.
1036 610 1113 668 Eccl.
1128 611 1177 669 tt.

170 710 202 752 n.
222 694 272 753 50.
288 695 390 770 eisque
409 709 518 751 nonren
535 688 658 764 alicuius
687 691 784 750 Sancti
810 691 924 768 imponi
943 698 1127 753 consuevisse
1145 713 1180 754 es

170 777 295 837 Aleuino
312 775 460 836 discimus.
474 778 546 835 inst.
562 775 639 834 Eccl.
651 775 699 833 tt.
717 792 747 834 n.
762 776 810 835 52.

208 859 428 921 benedictiones
441 876 649 936 campanarum
672 858 708 916 ad
733 859 850 917 nimbos
867 857 1056 936 depellendos
1074 879 1181 939 appro-

172 943 300 1014 bantur,
322 961 417 1022 neque
436 943 466 1004 id
481 944 573 1003 tribui
597 960 681 1020 posse
702 942 887 1020 impressioni
918 944 1023 1004 aerisa
1042 948 1181 1024 campana

175 1028 307 1105 impulsae
318 1029 468 1088 asseritur.
485 1026 561 1086 ibid.
577 1025 603 1105 §.
620 1028 669 1085 57.
871 1028 876 1037 '

209 1111 294 1171 Solus
328 1113 487 1190 Episcopus
511 1109 560 1186 jus
581 1109 670 1169 babet
692 1127 846 1186 campanas
874 1108 1091 1180 benedicendi,
1112 1111 1179 1171 ciam

170 1213 249 1255 saera
270 1197 370 1256 unctio
391 1195 556 1255 adhibenda
578 1194 635 1267 sit,
654 1213 708 1255 ncc
725 1194 994 1273 potestlacultatem
1012 1196 1097 1255 alteri
1111 1196 1180 1257 sub·

169 1279 313 1357 delegare.
330 1281 407 1341 ibid.
424 1299 455 1341 n.
479 1282 528 1341 58.
819 1282 822 1289 '
877 1286 878 1289 ’

209 1367 251 1425 Ex
279 1374 425 1445 praecepto
451 1365 628 1426 pontificalis
657 1365 780 1425 Romani
813 1384 961 1444 campanae
988 1366 1179 1425 Ecclesiarunr

176 1449 306 1511 benedici
320 1451 438 1511 debent.
453 1451 529 1510 ibid.
1009 1494 1011 1496 ψ
1039 1522 1041 1529 .

211 1538 311 1598 Potest
330 1537 487 1615 Episcopus
507 1535 685 1615 suspendere
702 1552 808 1595 sonum
821 1552 1049 1613 campanarum,
1065 1555 1133 1615 quoe
1145 1536 1180 1595 ab

172 1622 313 1702 Episcopo
330 1623 490 1683 benedicte
508 1641 569 1684 uon
587 1623 700 1683 luerint
715 1665 724 1693 ‚
738 1630 773 1681 ut
788 1639 824 1680 ex
840 1622 971 1681 Decretis
993 1640 1082 1681 sacrae
1104 1623 1180 1683 Con·

90 1764 93 1771 .
172 1709 360 1785 gregorianis.
378 1708 453 1768 ibid.

210 1792 451 1852 benedictionum
473 1811 638 1868 equorum,
663 1800 693 1852 et
718 1790 844 1851 aliorum
860 1790 1031 1850 animalium
1048 1791 1097 1851 dic
1112 1792 1180 1851 iesti

171 1875 203 1934 S.
215 1877 337 1935 Antonii
355 1876 474 1935 dbbatis
497 1878 623 1936 formula
639 1876 775 1937 habetur.
791 1878 863 1935 lust.
877 1877 951 1933 Eecl.
973 1876 1022 1941 ll.
1035 1896 1066 1936 n.
1080 1879 1128 1935 li.

210 1960 428 2020 benedictiones
448 1961 478 2020 in
493 1979 628 2034 vermes,
649 1971 680 2022 et
696 1963 803 2020 insecta
817 1959 972 2019 habentur.
987 1960 1032 2020 tb.
1044 1981 1076 2022 n.
1091 1963 1143 2022 20.

209 2043 429 2104 Benedictioncs
442 2088 450 2116 ‚
464 2063 531 2104 cum
543 2037 694 2123 reliquiis,
706 2062 765 2104 non
777 2038 838 2102 esse
850 2044 1073 2121 improbandas,
1094 2046 1181 2123 quid·

172 2128 243 2202 quid
263 2127 362 2188 dicant
382 2129 538 2201 nonnulli,
557 2147 594 2188 ex
615 2131 699 2208 praxi
712 2130 800 2190 etiam
821 2131 921 2188 liomae
938 2131 1052 2207 receptd
1074 2131 1180 2207 proba-

171 2224 232 2273 tur.
243 2213 318 2274 ibid.
334 2232 364 2273 n.
380 2215 429 2274 Ed.

211 2300 245 2358 ln
265 2298 471 2359 benedictione
483 2297 635 2360 Pontificid
645 2317 734 2378 super
746 2300 911 2378 populum,
927 2318 993 2376 qnae
1004 2299 1181 2376 quibusdam

171 2385 354 2464 segnioribus
373 2385 525 2462 aliquoties
547 2385 578 2444 in
605 2403 683 2445 auno
703 2405 739 2446 ex
754 2385 909 2463 privilegio
927 2385 1033 2456 datur,
1057 2387 1181 2445 unicum

172 2468 287 2531 tantiam
300 2471 393 2531 erucis
411 2454 526 2548 signum
546 2454 736 2529 iormandum
760 2479 803 2528 est
818 2487 899 2530 more
918 2468 1108 2543 sacerdotali,
1121 2488 1180 2531 non

171 2556 232 2618 trio
243 2538 326 2614 meh
346 2550 519 2633 Episiaopali.
536 2555 652 2632 Eneycl.
668 2550 831 2633 Exemplis.

210 2641 389 2701 Eacultetcm
418 2639 608 2699 benedicendi
636 2639 797 2698 morituros
827 2657 896 2699 cum
927 2639 1059 2717 plenarii
1082 2640 1179 2700 indul·

171 2725 288 2806 gentici,
311 2743 399 2804 quam
412 2725 563 2786 Antistites
579 2726 773 2785 Ecclesiarum
792 2742 860 2783 cum
880 2725 1010 2803 epistolis
1032 2726 1063 2784 in
1087 2725 1181 2786 iormd

172 2811 269 2872 brevis
291 2810 328 2869 ad
349 2811 512 2869 triennium
536 2809 753 2883 obtinuerunt,
777 2810 814 2868 ad
835 2819 928 2869 totum
949 2809 1022 2868 illud
1039 2817 1158 2886 tempus
1169 2854 1179 2884 ,

172 2914 231 2973 quo
250 2896 280 2954 in
303 2893 336 2954 ei
353 2894 469 2953 dioecesi
484 2894 713 2969 perseverabunt
726 2938 734 2962 ‚
748 2904 887 2971 prorogat
901 2893 1077 2954 Benedictus
1088 2897 1179 2955 XIV.

171 2980 202 3038 iu
214 2977 388 3057 Encycl.'ad
403 2995 503 3037 omnes
522 2977 590 3036 Arcti
605 2979 673 3038 tites
689 2978 750 3036 ΡΙΑ
766 2980 894 3037 lllltTEli
909 2987 965 3037 etc.
983 2997 1017 3036 ae
1040 2979 1182 3055 imposte·
1239 3018 1242 3023 >

170 3060 239 3123 raim
259 3064 298 3123 ita
319 3079 381 3122 esse
401 3061 594 3138 expediendas
617 3062 768 3121 facilitates
792 3063 856 3121 illas
877 3063 1053 3133 denuntiat,
1075 3080 1182 3140 easque

172 3149 282 3225 pariter
297 3163 467 3206 communes
479 3164 541 3205 esse
560 3146 626 3205 vult
646 3145 774 3225 praelatis
789 3146 977 3205 inierioribus
995 3144 1188 3206 territorium·

172 3240 338 3309 separatum
354 3229 530 3290 habentibus
558 3249 624 3291 cum
652 3231 794 3308 qualitate
823 3227 938 3290 ‚cultius
953 3275 962 3301 ‚
980 3239 1010 3290 et
1028 3231 1124 3289 activa
1151 3231 1182 3289 in
1211 3276 1215 3279 .

173 3316 315 3394 populum
335 3325 364 3375 et
374 3315 486 3374 elerum
496 3313 709 3390 jurisdictione.
726 3316 777 3375 llis
791 3315 929 3376 omnibus
949 3314 1000 3374 dat
1013 3314 1182 3375 facultatem

172 3400 401 3477 subdelegandi‚
428 3409 463 3460 ut
490 3402 561 3479 ipsis
585 3400 863 3479 quomodocumque
891 3400 1040 3477 impeditis
1056 3430 1074 3472 9
1091 3401 1182 3460 ctiam

173 3482 281 3543 diurno
309 3494 442 3561 tempore
460 3487 573 3563 possint
603 3485 679 3565 bane
700 3487 934 3547 benedictionem
962 3504 1015 3564 per
1033 3485 1181 3563 delegatos

172 3562 300 3636 elargiri.
317 3567 397 3627 lianc
412 3568 625 3654 delegationem
637 3570 702 3632 lieri
714 3568 841 3632 maxime
856 3570 920 3632 vult
933 3587 987 3649 per
1006 3569 1175 3640 diocesim,
1261 3638 1268 3651 ‚
