2642 4167
352 180 523 266 6661116
541 180 734 244 sacramentis
756 181 790 243 in
805 198 917 263 penae.
1069 183 1123 244 201

117 282 348 353 ordinemsed
370 283 499 345 officium
519 301 666 344 annexum
689 283 809 354 ordini,
834 282 912 362 quod
934 298 987 359 per
1011 299 1124 344 senon

117 382 217 435 causat
239 369 385 450 gratiam,
406 376 441 427 ut
461 376 582 427 causant
600 376 779 428 saemmont'a
797 364 831 446 (l.
845 365 1002 444 61611).

157 457 372 520 15.-1‘eceat
391 453 521 531 graviter
538 452 692 523 minister,
711 452 801 512 sidat
817 461 1032 512 sacramentum
1045 450 1126 513 indi·

119 562 176 623 guo
190 539 301 619 petenti
317 536 449 611 occultd3
461 534 543 596 secas
562 546 660 596 autom
677 537 701 597 si
718 537 769 596 illo
781 536 818 596 sit
831 545 964 614 peccator
977 536 1125 609 occultus,

120 638 150 689 ot
165 622 284 705 publici
306 618 575 699 66161116613.
592 620 631 681 ud
648 622 721 700 61).
746 621 913 682 Notandum
932 620 1024 698 verb,
1046 620 1127 699 qubd

119 714 280 791 Episcopus
305 710 394 766 ctiam
422 705 461 766 ob
487 706 599 765 occulta
621 713 737 782 peceato
759 713 855 783 potest
875 705 1020 783 denegare
1041 705 1128 766 alicui

120 796 307 856 collationem
331 791 466 863 ordinis,
490 789 560 851 licet
581 789 698 868 publicis
719 791 769 850 ille
789 796 881 868 petat,
897 807 933 849 ex
950 790 1033 849 Trid.
1057 806 1128 851 sets.

121 883 170 941 ll.
185 897 212 939 o.
227 880 257 938 l.
271 876 323 936 ubi
341 874 466 948 dicitur,
484 874 578 935 teneri
594 874 734 933 clericum
747 874 869 933 obedire
882 873 1003 951 prelato
1020 873 1130 934 vetanti

120 962 334 1041 susceptionem
361 959 474 1019 ordinis
495 967 619 1037 proptor
639 959 785 1019 oecultum
800 960 923 1017 crimen.
938 960 997 1033 Nee
1014 966 1131 1019 tenetur

121 1055 194 1108 1666
206 1046 364 1123 Episcopus
377 1063 493 1104 oausam
508 1044 709 1114 manifestare,
722 1061 775 1103 eur
785 1043 908 1122 repellat
919 1043 1130 1116 ordinandum,

121 1141 156 1193 ut
176 1131 288 1209 pluries
309 1129 468 1188 declaravit
484 1129 565 1187 Sace.
588 1131 696 1205 Congu.
713 1129 833 1188 concilii
847 1124 880 1205 (t.
895 1130 925 1187 6.
947 1144 980 1187 n.
998 1128 1132 1206 66116
1157 1186 1161 1194 ,

121 1223 222 1276 661616
242 1214 431 1275 confessarius
447 1212 537 1290 possit
549 1212 698 1274 absoluere
715 1212 911 1272 ordinandum
926 1211 1088 1272 recidivum
1101 1212 1132 1274 iu

123 1300 218 1379 culpis
241 1298 399 1377 gravibus,
420 1299 470 1376 qui
494 1298 558 1357 vult
593 1315 707 1357 sacrum
739 1297 885 1374 suscipere
908 1296 1043 1358 ordinem
1069 1298 1132 1358 sine

125 1383 235 1463 praevia
257 1383 445 1461 probatione,
461 1382 528 1441 vido
538 1382 613 1442 dieta
628 1381 692 1443 tit.
707 1384 736 1442 6.
747 1401 777 1442 rt.
795 1383 845 1442 ot.

162 1467 212 1527 16.
223 1499 262 1511 -
274 1469 339 1526 1166
359 1466 426 1526 licet
439 1468 574 1530 ministro
591 1468 682 1528 etiam
697 1467 736 1528 ob
752 1478 866 1529 6161661
880 1467 983 1527 mortis
994 1468 1134 1531 simulare

125 1551 413 1612 administrationem
443 1553 615 1613 sacramenti
642 1571 678 1612 ex
708 1571 794 1631 prop.
827 1553 877 1612 29.
908 1552 1069 1630 proscripto
1096 1551 1134 1611 ab

125 1639 228 1697 Innoc.
244 1636 305 1695 XI.
320 1637 404 1696 ’11166
425 1646 524 1695 661616
542 1647 679 1697 censetur
701 1637 836 1695 minister
851 1635 990 1695 simulare
1007 1634 1135 1693 admini-

125 1722 296 1782 strationem
312 1765 320 1791 ,
334 1720 401 1781 edm
414 1724 527 1801 profert
543 1724 669 1783 lormam
682 1721 745 1780 sine
760 1719 943 1792 intentione,
956 1728 1007 1778 nut
1024 1720 1135 1798 aliquid
1187 1731 1190 1736 ’

125 1805 206 1865 aliud
224 1807 418 1883 pronuntiat,
435 1806 472 1865 acl
491 1805 563 1877 boe,
577 1805 670 1865 utalii
685 1803 805 1863 credant
821 1804 916 1880 ipsum
926 1802 987 1879 jam
1004 1805 1136 1866 conferre

124 1897 363 1960 sacramentum,
384 1889 554 1950 6611661116
574 1889 654 1950 liciti
679 1897 775 1966 potest
796 1887 987 1949 confessarius
1006 1890 1136 1968 aliquam

124 1975 250 2035 recitare
262 1974 426 2034 orationem
443 1994 532 2052 super
545 1976 708 2053 paenitente
726 1973 898 2052 indisposite
911 2017 919 2045 ,
938 1992 996 2035 666
1005 1974 1066 2052 jam
1079 2021 1086 2049 ,
1103 1985 1136 2037 ut

125 2061 174 2121 alii
186 2058 308 2119 credant
321 2059 533 2121 absolutionem
548 2060 590 2119 illi
607 2060 790 2130 ministrari,
804 2058 855 2118 sed
866 2058 980 2121 16611161
994 2062 1030 2122 ad
1044 2061 1136 2124 oeeul·

91 2214 95 2221 ⁴
125 2143 247 2205 tandem
261 2142 453 2203 {absolutionis
469 2145 673 2222 negationem
693 2152 764 2205 1666
782 2145 863 2204 66116
883 2162 942 2204 666
954 2147 1073 2207 simulat
1090 2166 1137 2207 so·

126 2227 272 2289 crementi
296 2228 600 2300 administrationem,
619 2230 669 2288 sod
698 2226 813 2291 tantdm
838 2229 992 2291 veritatem
1012 2232 1137 2292 occultat

126 2311 204 2392 (tit.
221 2313 252 2371 6.
273 2312 391 2389 1656).
408 2314 550 2373 Praeterea
563 2315 605 2374 611
627 2313 777 2378 Cardenus
793 2312 868 2394 bene
890 2333 974 2392 posse
994 2318 1137 2375 contessa·

126 2398 228 2469 rium,
246 2393 314 2456 edm
333 2398 478 2474 poenitens
499 2399 631 2460 minatur
659 2399 687 2459 ei
710 2406 837 2460 mortem
862 2399 887 2460 si
906 2416 968 2474 666
985 2399 1137 2472 absolvat,

128 2480 228 2541 dicere
240 2523 249 2546 ‚
263 2482 328 2560 Epo
350 2489 376 2540 te
394 2500 455 2543 non
473 2479 605 2559 obsoleo,
619 2481 763 2544 submisse
783 2482 1138 2560 pronuntiandomrbum

128 2583 191 2625 non
199 2608 212 2638 ,
225 2565 294 2642 quia
314 2564 375 2626 11666
397 2585 456 2627 666
474 2577 517 2626 est
535 2570 684 2628 restrictio
706 2565 780 2644 purd
800 2568 1011 2642 mentalisput
1036 2566 1140 2643 objicit

134 2648 228 2726 Vino,
249 2645 323 2707 ddm
344 2651 533 2711 confessarius
553 2670 613 2713 666
636 2661 755 2711 tenetur
777 2651 912 2719 efficere,
932 2661 964 2710 ut
996 2652 1140 2727 paenitens

130 2732 232 2791 audiat
244 2733 332 2791 rerba
351 2734 561 2805 absolutionis,
580 2745 610 2794 et
625 2734 691 2796 ided
704 2752 764 2794 666
777 2732 865 2793 1161161
880 2734 929 2793 1116
942 2733 991 2809 jus
1003 2778 1011 2806 ,
1023 2743 1057 2795 ut
1070 2754 1141 2796 con·

131 2816 269 2978 lessprius
287 2820 386 2879 616616
415 2821 505 2880 verba
521 2822 624 2898 l'ormoe
649 2817 876 2897 intelligibiliter
899 2820 1027 2897 proterat
1049 2818 1139 2897 (111111.

132 2899 166 2959 in
194 2901 278 2977 nce).

170 2985 220 3043 17.
242 3016 282 3027 -
309 2984 391 3046 Sicut
418 2996 517 3049 autem
542 2987 694 3049 nonlicet
723 2987 1021 3050 ministrosimulare
1047 3006 1142 3049 saera·

132 3067 227 3127 menti
242 3067 548 3146 administrationem,
563 3076 603 3133 ita
618 3093 673 3133 noo
694 3074 841 3134 6116616111
860 3075 1032 3134 sacramenti
1047 3090 1143 3133 susce·

134 3153 291 3231 ptioncm,
310 3162 343 3214 61
366 3155 470 3217 dieunt
485 3157 573 3219 cara.
591 3158 681 3220 Croix
694 3168 723 3219 et
736 3161 874 3221 Gormnz.
889 3159 1060 3219 1166161666
1083 3174 1142 3217 non

133 3233 289 3315 probibet,
304 3238 464 3315 quominds
476 3244 560 3303 liceat
571 3246 657 3303 611661
672 3244 807 3305 accedere
819 3242 856 3302 ad
866 3241 1143 3312 contessionarium,

134 3319 237 3397 ibique
255 3322 453 3398 genuflectere
470 3327 505 3386 ad
527 3328 647 3407 aliquod
666 3330 817 3408 negotium
834 3326 990 3404 agendum.
1002 3328 1144 3385 Praeterea

135 3401 221 3481 ajunt
233 3410 433 3470 communiter
443 3411 552 3473 Secreta.
570 3415 655 3475 Cone.
672 3415 805 3491 Castrop.
819 3409 906 3471 Card.
925 3412 999 3473 Viva
1011 3409 1143 3484 ,Graiam

137 3486 250 3568 otiique
266 3488 386 3568 plures,
409 3507 510 3556 contra
535 3497 678 3569 Milonte,
697 3495 777 3574 qudd
795 3497 819 3556 si
840 3497 944 3574 aliquis
969 3513 1145 3574 sponsorum

139 3573 254 3660 cogitur
267 3576 442 3642 contrahere
461 3601 514 3660 per
531 3583 675 3661 injustum
689 3591 819 3657 metum,
836 3583 883 3644 vel
900 3581 1010 3645 habens
1021 3580 1147 3661 impedi·
