<?xml version="1.0" encoding="UTF-8"?>
<!DOCTYPE html PUBLIC "-//W3C//DTD XHTML 1.0 Transitional//EN"
    "http://www.w3.org/TR/xhtml1/DTD/xhtml1-transitional.dtd">
<html xmlns="http://www.w3.org/1999/xhtml" xml:lang="en" lang="en">
 <head>
  <title>
</title>
<meta http-equiv="Content-Type" content="text/html;charset=utf-8" />
  <meta name='ocr-system' content='tesseract 3.04.00' />
  <meta name='ocr-capabilities' content='ocr_page ocr_carea ocr_par ocr_line ocrx_word'/>
</head>
<body>
  <div class='ocr_page' id='page_1' title='image "./theologiamorali05heilgoog_0159.png"; bbox 0 0 2642 4167; ppageno 0'>
   <div class='ocr_carea' id='block_1_1' title="bbox 139 180 1143 359">
    <p class='ocr_par' dir='ltr' id='par_1_1' title="bbox 139 180 1143 359">
     <span class='ocr_line' id='line_1_1' title="bbox 421 180 1142 264; baseline -0.007 -19"><span class='ocrx_word' id='word_1_1' title='bbox 421 184 448 264; x_wconf 74' lang='lat' dir='ltr'>S.</span> <span class='ocrx_word' id='word_1_2' title='bbox 463 185 501 244; x_wconf 87' lang='lat' dir='ltr'>il.</span> <span class='ocrx_word' id='word_1_3' title='bbox 513 183 631 245; x_wconf 79' lang='lat' dir='ltr'>Muttito</span> <span class='ocrx_word' id='word_1_4' title='bbox 644 180 686 243; x_wconf 82' lang='lat' dir='ltr'>ed</span> <span class='ocrx_word' id='word_1_5' title='bbox 700 181 849 261; x_wconf 78' lang='lat' dir='ltr'>peractos.</span> <span class='ocrx_word' id='word_1_6' title='bbox 1086 185 1142 246; x_wconf 68' lang='lat' dir='ltr'>its</span> 
     </span>
     <span class='ocr_line' id='line_1_2' title="bbox 139 272 1143 359; baseline -0.01 -14"><span class='ocrx_word' id='word_1_7' title='bbox 139 289 221 356; x_wconf 85' lang='lat' dir='ltr'>cent,</span> <span class='ocrx_word' id='word_1_8' title='bbox 234 276 423 359; x_wconf 76' lang='lat' dir='ltr'>praecedente</span> <span class='ocrx_word' id='word_1_9' title='bbox 444 275 544 336; x_wconf 78' lang='lat' dir='ltr'>debiti</span> <span class='ocrx_word' id='word_1_10' title='bbox 560 275 655 334; x_wconf 91' lang='lat' dir='ltr'>animi</span> <span class='ocrx_word' id='word_1_11' title='bbox 676 273 915 352; x_wconf 85' lang='lat' dir='ltr'>prmparatiuue,</span> <span class='ocrx_word' id='word_1_12' title='bbox 933 280 964 334; x_wconf 82' lang='lat' dir='ltr'>ct</span> <span class='ocrx_word' id='word_1_13' title='bbox 979 272 1143 353; x_wconf 76' lang='lat' dir='ltr'>gratiarum</span> 
     </span>
    </p>
   </div>
   <div class='ocr_carea' id='block_1_2' title="bbox 78 366 1209 3214">
    <p class='ocr_par' dir='ltr' id='par_1_2' title="bbox 137 366 1142 612">
     <span class='ocr_line' id='line_1_3' title="bbox 138 366 1140 447; baseline -0.007 -12"><span class='ocrx_word' id='word_1_14' title='bbox 138 373 300 436; x_wconf 89' lang='lat' dir='ltr'>actionibus</span> <span class='ocrx_word' id='word_1_15' title='bbox 313 387 378 431; x_wconf 89' lang='lat' dir='ltr'>eam</span> <span class='ocrx_word' id='word_1_16' title='bbox 392 367 655 446; x_wconf 85' lang='lat' dir='ltr'>consequentibus,</span> <span class='ocrx_word' id='word_1_17' title='bbox 669 385 723 442; x_wconf 91' lang='lat' dir='ltr'>per</span> <span class='ocrx_word' id='word_1_18' title='bbox 734 366 906 447; x_wconf 73' lang='lat' dir='ltr'>exercitium</span> <span class='ocrx_word' id='word_1_19' title='bbox 919 374 1037 427; x_wconf 78' lang='lat' dir='ltr'><strong>actuum</strong></span> <span class='ocrx_word' id='word_1_20' title='bbox 1051 367 1140 441; x_wconf 87' lang='lat' dir='ltr'>fidei,</span> 
     </span>
     <span class='ocr_line' id='line_1_4' title="bbox 138 434 1142 531; baseline -0.006 -13"><span class='ocrx_word' id='word_1_21' title='bbox 138 456 307 527; x_wconf 84' lang='lat' dir='ltr'>eharitatis,</span> <span class='ocrx_word' id='word_1_22' title='bbox 325 451 501 522; x_wconf 89' lang='lat' dir='ltr'>oblationis,</span> <span class='ocrx_word' id='word_1_23' title='bbox 517 459 548 509; x_wconf 90' lang='lat' dir='ltr'>et</span> <span class='ocrx_word' id='word_1_24' title='bbox 567 451 738 529; x_wconf 74' lang='lat' dir='ltr'>petitionis,</span> <span class='ocrx_word' id='word_1_25' title='bbox 760 466 810 509; x_wconf 88' lang='lat' dir='ltr'>eos</span> <span class='ocrx_word' id='word_1_26' title='bbox 830 434 963 511; x_wconf 82' lang='lat' dir='ltr'>docendo</span> <span class='ocrx_word' id='word_1_27' title='bbox 981 452 1142 531; x_wconf 87' lang='lat' dir='ltr'>practicam</span> 
     </span>
     <span class='ocr_line' id='line_1_5' title="bbox 137 533 758 616; baseline -0.016 -14"><span class='ocrx_word' id='word_1_28' title='bbox 137 542 317 616; x_wconf 90' lang='lat' dir='ltr'>modum,q</span> <span class='ocrx_word' id='word_1_29' title='bbox 319 556 357 597; x_wconf 91' lang='lat' dir='ltr'>uo</span> <span class='ocrx_word' id='word_1_30' title='bbox 378 533 410 595; x_wconf 94' lang='lat' dir='ltr'>hi</span> <span class='ocrx_word' id='word_1_31' title='bbox 431 545 513 595; x_wconf 87' lang='lat' dir='ltr'>actus</span> <span class='ocrx_word' id='word_1_32' title='bbox 532 534 597 594; x_wconf 83' lang='lat' dir='ltr'>fieri</span> <span class='ocrx_word' id='word_1_33' title='bbox 620 533 758 592; x_wconf 89' lang='lat' dir='ltr'>debeant</span> 
     </span>
    </p>

    <p class='ocr_par' dir='ltr' id='par_1_3' title="bbox 78 557 1209 3214">
     <span class='ocr_line' id='line_1_6' title="bbox 173 557 1142 698; baseline -0.005 -13"><span class='ocrx_word' id='word_1_34' title='bbox 173 627 243 686; x_wconf 68' lang='lat' dir='ltr'>ild.</span> <span class='ocrx_word' id='word_1_35' title='bbox 254 557 392 698; x_wconf 79' lang='lat' dir='ltr'>invigilet</span> <span class='ocrx_word' id='word_1_36' title='bbox 408 619 456 678; x_wconf 75' lang='lat'>45.</span> <span class='ocrx_word' id='word_1_37' title='bbox 471 616 548 695; x_wconf 79' lang='lat' dir='ltr'>saepi</span> <span class='ocrx_word' id='word_1_38' title='bbox 567 616 689 676; x_wconf 80' lang='lat' dir='ltr'>reddere</span> <span class='ocrx_word' id='word_1_39' title='bbox 705 634 772 676; x_wconf 91' lang='lat' dir='ltr'>suas</span> <span class='ocrx_word' id='word_1_40' title='bbox 791 634 860 678; x_wconf 89' lang='lat' dir='ltr'>oves</span> <span class='ocrx_word' id='word_1_41' title='bbox 870 634 939 696; x_wconf 84' lang='lat' dir='ltr'>erga</span> <span class='ocrx_word' id='word_1_42' title='bbox 954 617 1142 680; x_wconf 87' lang='lat' dir='ltr'>devotionem</span> 
     </span>
     <span class='ocr_line' id='line_1_7' title="bbox 78 699 1152 797; baseline 0.005 -40"><span class='ocrx_word' id='word_1_43' title='bbox 78 752 80 757; x_wconf 83' lang='lat'><em>.</em></span> <span class='ocrx_word' id='word_1_44' title='bbox 134 708 234 771; x_wconf 82' lang='lat' dir='ltr'>liariae</span> <span class='ocrx_word' id='word_1_45' title='bbox 247 705 381 783; x_wconf 80' lang='lat' dir='ltr'>Virginis</span> <span class='ocrx_word' id='word_1_46' title='bbox 402 700 564 773; x_wconf 86' lang='lat' dir='ltr'>studiosas,</span> <span class='ocrx_word' id='word_1_47' title='bbox 585 699 762 760; x_wconf 87' lang='lat' dir='ltr'>declarando</span> <span class='ocrx_word' id='word_1_48' title='bbox 783 710 891 797; x_wconf 87' lang='lat' dir='ltr'>quanta</span> <span class='ocrx_word' id='word_1_49' title='bbox 910 702 950 760; x_wconf 89' lang='lat' dir='ltr'>sit</span> <span class='ocrx_word' id='word_1_50' title='bbox 970 703 1098 780; x_wconf 88' lang='lat' dir='ltr'>potentia</span> <span class='ocrx_word' id='word_1_51' title='bbox 1112 712 1152 768; x_wconf 64' lang='lat' dir='ltr'>et,</span> 
     </span>
     <span class='ocr_line' id='line_1_8' title="bbox 134 782 1140 861; baseline -0.008 -9"><span class='ocrx_word' id='word_1_52' title='bbox 134 789 336 852; x_wconf 82' lang='lat' dir='ltr'>misericordia</span> <span class='ocrx_word' id='word_1_53' title='bbox 355 783 444 861; x_wconf 85' lang='lat' dir='ltr'>hujus</span> <span class='ocrx_word' id='word_1_54' title='bbox 460 784 567 844; x_wconf 86' lang='lat' dir='ltr'>divinoe</span> <span class='ocrx_word' id='word_1_55' title='bbox 581 783 710 845; x_wconf 82' lang='lat' dir='ltr'>Matris</span> <span class='ocrx_word' id='word_1_56' title='bbox 702 801 734 841; x_wconf 85' lang='lat' dir='ltr'>in</span> <span class='ocrx_word' id='word_1_57' title='bbox 752 785 816 843; x_wconf 89' lang='lat' dir='ltr'>suis</span> <span class='ocrx_word' id='word_1_58' title='bbox 827 782 939 843; x_wconf 87' lang='lat' dir='ltr'>devotis</span> <span class='ocrx_word' id='word_1_59' title='bbox 955 783 1140 859; x_wconf 75' lang='lat' dir='ltr'>adjuvandis.</span> 
     </span>
     <span class='ocr_line' id='line_1_9' title="bbox 134 867 1143 952; baseline -0.006 -17"><span class='ocrx_word' id='word_1_60' title='bbox 134 873 265 952; x_wconf 85' lang='lat' dir='ltr'>ldcdque</span> <span class='ocrx_word' id='word_1_61' title='bbox 283 871 428 941; x_wconf 87' lang='lat' dir='ltr'>insinuet,</span> <span class='ocrx_word' id='word_1_62' title='bbox 444 869 503 928; x_wconf 89' lang='lat' dir='ltr'>ut</span> <span class='ocrx_word' id='word_1_63' title='bbox 495 887 527 927; x_wconf 91' lang='lat' dir='ltr'>m</span> <span class='ocrx_word' id='word_1_64' title='bbox 540 867 692 928; x_wconf 92' lang='lat' dir='ltr'>communi</span> <span class='ocrx_word' id='word_1_65' title='bbox 711 885 780 926; x_wconf 91' lang='lat' dir='ltr'>cum</span> <span class='ocrx_word' id='word_1_66' title='bbox 796 867 906 926; x_wconf 79' lang='lat' dir='ltr'>familia</span> <span class='ocrx_word' id='word_1_67' title='bbox 923 869 1055 944; x_wconf 73' lang='lat' dir='ltr'>qnotidie</span> <span class='ocrx_word' id='word_1_68' title='bbox 1067 870 1143 929; x_wconf 87' lang='lat' dir='ltr'>reoi-</span> 
     </span>
     <span class='ocr_line' id='line_1_10' title="bbox 134 949 1143 1034; baseline -0.004 -16"><span class='ocrx_word' id='word_1_69' title='bbox 134 966 198 1018; x_wconf 85' lang='lat' dir='ltr'>tent</span> <span class='ocrx_word' id='word_1_70' title='bbox 217 955 351 1034; x_wconf 92' lang='lat' dir='ltr'>quinque</span> <span class='ocrx_word' id='word_1_71' title='bbox 369 951 490 1012; x_wconf 83' lang='lat' dir='ltr'>decades</span> <span class='ocrx_word' id='word_1_72' title='bbox 508 952 643 1021; x_wconf 86' lang='lat' dir='ltr'>Rosarii,</span> <span class='ocrx_word' id='word_1_73' title='bbox 664 957 698 1009; x_wconf 90' lang='lat' dir='ltr'>ut</span> <span class='ocrx_word' id='word_1_74' title='bbox 713 950 837 1010; x_wconf 88' lang='lat' dir='ltr'>Subbato</span> <span class='ocrx_word' id='word_1_75' title='bbox 855 949 1010 1028; x_wconf 84' lang='lat' dir='ltr'>jejunent,</span> <span class='ocrx_word' id='word_1_76' title='bbox 1024 962 1054 1013; x_wconf 90' lang='lat' dir='ltr'>et</span> <span class='ocrx_word' id='word_1_77' title='bbox 1067 955 1143 1015; x_wconf 87' lang='lat' dir='ltr'>cele</span> 
     </span>
     <span class='ocr_line' id='line_1_11' title="bbox 134 1034 1209 1116; baseline -0.003 -16"><span class='ocrx_word' id='word_1_78' title='bbox 134 1042 223 1102; x_wconf 89' lang='lat' dir='ltr'>brent</span> <span class='ocrx_word' id='word_1_79' title='bbox 242 1036 404 1099; x_wconf 88' lang='lat' dir='ltr'>Novenas</span> <span class='ocrx_word' id='word_1_80' title='bbox 396 1054 428 1094; x_wconf 89' lang='lat' dir='ltr'>ru</span> <span class='ocrx_word' id='word_1_81' title='bbox 450 1034 658 1095; x_wconf 79' lang='lat' dir='ltr'>festivitatibus</span> <span class='ocrx_word' id='word_1_82' title='bbox 686 1043 793 1093; x_wconf 84' lang='lat' dir='ltr'>nostrae</span> <span class='ocrx_word' id='word_1_83' title='bbox 812 1034 965 1106; x_wconf 82' lang='lat' dir='ltr'>Dominae,</span> <span class='ocrx_word' id='word_1_84' title='bbox 988 1054 1060 1113; x_wconf 90' lang='lat' dir='ltr'>quas</span> <span class='ocrx_word' id='word_1_85' title='bbox 1080 1039 1143 1116; x_wconf 89' lang='lat' dir='ltr'>ipse</span> <span class='ocrx_word' id='word_1_86' title='bbox 1206 1057 1209 1063; x_wconf 83' lang='grc'><strong>’</strong></span> 
     </span>
     <span class='ocr_line' id='line_1_12' title="bbox 134 1117 1142 1196; baseline -0.003 -11"><span class='ocrx_word' id='word_1_87' title='bbox 134 1125 171 1185; x_wconf 88' lang='lat' dir='ltr'>ab</span> <span class='ocrx_word' id='word_1_88' title='bbox 190 1122 277 1183; x_wconf 89' lang='lat' dir='ltr'>altari</span> <span class='ocrx_word' id='word_1_89' title='bbox 296 1119 474 1190; x_wconf 84' lang='lat' dir='ltr'>annuntiet,</span> <span class='ocrx_word' id='word_1_90' title='bbox 491 1119 735 1196; x_wconf 88' lang='lat' dir='ltr'>quotiescumque</span> <span class='ocrx_word' id='word_1_91' title='bbox 753 1118 811 1176; x_wconf 84' lang='lat' dir='ltr'>illoe</span> <span class='ocrx_word' id='word_1_92' title='bbox 829 1117 1065 1181; x_wconf 79' lang='lat' dir='ltr'>incidentvalde</span> <span class='ocrx_word' id='word_1_93' title='bbox 1078 1123 1142 1182; x_wconf 89' lang='lat' dir='ltr'>lau·</span> 
     </span>
     <span class='ocr_line' id='line_1_13' title="bbox 136 1200 1142 1276; baseline -0.001 -9"><span class='ocrx_word' id='word_1_94' title='bbox 136 1207 234 1268; x_wconf 82' lang='lat' dir='ltr'>debile</span> <span class='ocrx_word' id='word_1_95' title='bbox 252 1206 329 1276; x_wconf 88' lang='lat' dir='ltr'>erit,</span> <span class='ocrx_word' id='word_1_96' title='bbox 340 1206 367 1264; x_wconf 91' lang='lat' dir='ltr'>si</span> <span class='ocrx_word' id='word_1_97' title='bbox 379 1204 411 1263; x_wconf 92' lang='lat' dir='ltr'>in</span> <span class='ocrx_word' id='word_1_98' title='bbox 422 1201 549 1262; x_wconf 82' lang='lat' dir='ltr'>Sabbato</span> <span class='ocrx_word' id='word_1_99' title='bbox 567 1202 619 1262; x_wconf 92' lang='lat' dir='ltr'>ille</span> <span class='ocrx_word' id='word_1_100' title='bbox 632 1200 855 1261; x_wconf 86' lang='lat' dir='ltr'>conciunculam</span> <span class='ocrx_word' id='word_1_101' title='bbox 869 1202 975 1263; x_wconf 86' lang='lat' dir='ltr'>iaceret</span> <span class='ocrx_word' id='word_1_102' title='bbox 988 1203 1025 1263; x_wconf 90' lang='lat' dir='ltr'>de</span> <span class='ocrx_word' id='word_1_103' title='bbox 1037 1206 1142 1266; x_wconf 60' lang='lat' dir='ltr'>uuir-</span> 
     </span>
     <span class='ocr_line' id='line_1_14' title="bbox 135 1284 1141 1370; baseline 0.001 -20"><span class='ocrx_word' id='word_1_104' title='bbox 135 1293 223 1370; x_wconf 88' lang='lat' dir='ltr'>gine,</span> <span class='ocrx_word' id='word_1_105' title='bbox 241 1307 357 1368; x_wconf 88' lang='lat' dir='ltr'>semper</span> <span class='ocrx_word' id='word_1_106' title='bbox 374 1286 524 1353; x_wconf 80' lang='lat' dir='ltr'>narrando</span> <span class='ocrx_word' id='word_1_107' title='bbox 534 1284 656 1364; x_wconf 85' lang='lat' dir='ltr'>aliquod</span> <span class='ocrx_word' id='word_1_108' title='bbox 673 1287 859 1362; x_wconf 83' lang='lat' dir='ltr'>exemplum,</span> <span class='ocrx_word' id='word_1_109' title='bbox 873 1295 903 1345; x_wconf 91' lang='lat' dir='ltr'>et</span> <span class='ocrx_word' id='word_1_110' title='bbox 915 1287 1004 1347; x_wconf 91' lang='lat' dir='ltr'>semel</span> <span class='ocrx_word' id='word_1_111' title='bbox 1019 1289 1050 1347; x_wconf 94' lang='lat' dir='ltr'>in</span> <span class='ocrx_word' id='word_1_112' title='bbox 1063 1308 1141 1352; x_wconf 90' lang='lat' dir='ltr'>anno</span> 
     </span>
     <span class='ocr_line' id='line_1_15' title="bbox 135 1370 1143 1448; baseline 0.001 -14"><span class='ocrx_word' id='word_1_113' title='bbox 135 1373 310 1435; x_wconf 87' lang='lat' dir='ltr'>celebrande</span> <span class='ocrx_word' id='word_1_114' title='bbox 323 1375 473 1433; x_wconf 88' lang='lat' dir='ltr'>Novenam</span> <span class='ocrx_word' id='word_1_115' title='bbox 486 1371 616 1448; x_wconf 90' lang='lat' dir='ltr'>aliquam</span> <span class='ocrx_word' id='word_1_116' title='bbox 630 1370 791 1430; x_wconf 90' lang='lat' dir='ltr'>solemnem</span> <span class='ocrx_word' id='word_1_117' title='bbox 803 1379 912 1430; x_wconf 84' lang='lat' dir='ltr'>nostroe</span> <span class='ocrx_word' id='word_1_118' title='bbox 927 1372 1062 1434; x_wconf 78' lang='lat' dir='ltr'>Dominae</span> <span class='ocrx_word' id='word_1_119' title='bbox 1075 1394 1143 1436; x_wconf 83' lang='lat' dir='ltr'>cunr</span> 
     </span>
     <span class='ocr_line' id='line_1_16' title="bbox 136 1453 1146 1535; baseline -0.001 -16"><span class='ocrx_word' id='word_1_120' title='bbox 136 1476 290 1533; x_wconf 89' lang='lat' dir='ltr'>sermone,</span> <span class='ocrx_word' id='word_1_121' title='bbox 308 1464 339 1517; x_wconf 90' lang='lat' dir='ltr'>et</span> <span class='ocrx_word' id='word_1_122' title='bbox 356 1455 538 1533; x_wconf 80' lang='lat' dir='ltr'>expositione</span> <span class='ocrx_word' id='word_1_123' title='bbox 552 1456 603 1513; x_wconf 85' lang='lat' dir='ltr'>SS.</span> <span class='ocrx_word' id='word_1_124' title='bbox 616 1454 794 1513; x_wconf 87' lang='lat' dir='ltr'>Sacramenti</span> <span class='ocrx_word' id='word_1_125' title='bbox 804 1474 813 1528; x_wconf 83' lang='lat'>3</span> <span class='ocrx_word' id='word_1_126' title='bbox 825 1462 855 1512; x_wconf 88' lang='lat' dir='ltr'>et</span> <span class='ocrx_word' id='word_1_127' title='bbox 867 1453 904 1512; x_wconf 89' lang='lat' dir='ltr'>ad</span> <span class='ocrx_word' id='word_1_128' title='bbox 918 1453 974 1512; x_wconf 90' lang='lat' dir='ltr'>boc</span> <span class='ocrx_word' id='word_1_129' title='bbox 988 1459 1030 1515; x_wconf 92' lang='lat' dir='ltr'>uti</span> <span class='ocrx_word' id='word_1_130' title='bbox 1048 1467 1146 1535; x_wconf 87' lang='lat' dir='ltr'>posset</span> 
     </span>
     <span class='ocr_line' id='line_1_17' title="bbox 136 1533 1141 1616; baseline -0.001 -14"><span class='ocrx_word' id='word_1_131' title='bbox 136 1544 216 1602; x_wconf 86' lang='lat' dir='ltr'>inter</span> <span class='ocrx_word' id='word_1_132' title='bbox 233 1551 352 1602; x_wconf 83' lang='lat' dir='ltr'>caeteros</span> <span class='ocrx_word' id='word_1_133' title='bbox 370 1539 534 1608; x_wconf 85' lang='lat' dir='ltr'>illo-libro,</span> <span class='ocrx_word' id='word_1_134' title='bbox 547 1555 635 1615; x_wconf 88' lang='lat' dir='ltr'>quem</span> <span class='ocrx_word' id='word_1_135' title='bbox 651 1555 706 1616; x_wconf 88' lang='lat' dir='ltr'>ego</span> <span class='ocrx_word' id='word_1_136' title='bbox 715 1536 752 1596; x_wconf 89' lang='lat' dir='ltr'>ad</span> <span class='ocrx_word' id='word_1_137' title='bbox 765 1533 844 1596; x_wconf 88' lang='lat' dir='ltr'>hune</span> <span class='ocrx_word' id='word_1_138' title='bbox 859 1538 950 1597; x_wconf 85' lang='lat' dir='ltr'>linem</span> <span class='ocrx_word' id='word_1_139' title='bbox 965 1539 1042 1616; x_wconf 86' lang='lat' dir='ltr'>typis</span> <span class='ocrx_word' id='word_1_140' title='bbox 1055 1542 1141 1616; x_wconf 90' lang='lat' dir='ltr'>dedi,</span> 
     </span>
     <span class='ocr_line' id='line_1_18' title="bbox 136 1621 1140 1701; baseline -0.001 -17"><span class='ocrx_word' id='word_1_141' title='bbox 136 1627 182 1684; x_wconf 92' lang='lat' dir='ltr'>cui</span> <span class='ocrx_word' id='word_1_142' title='bbox 194 1627 316 1699; x_wconf 86' lang='lat' dir='ltr'>titulus,</span> <span class='ocrx_word' id='word_1_143' title='bbox 328 1621 427 1684; x_wconf 76' lang='lat' dir='ltr'>Gioaic</span> <span class='ocrx_word' id='word_1_144' title='bbox 440 1621 602 1701; x_wconf 70' lang='lat' dir='ltr'>didimia,</span> <span class='ocrx_word' id='word_1_145' title='bbox 622 1622 673 1682; x_wconf 94' lang='lat' dir='ltr'>ubi</span> <span class='ocrx_word' id='word_1_146' title='bbox 688 1630 838 1698; x_wconf 83' lang='lat' dir='ltr'>congestas</span> <span class='ocrx_word' id='word_1_147' title='bbox 851 1622 978 1698; x_wconf 88' lang='lat' dir='ltr'>reperiet</span> <span class='ocrx_word' id='word_1_148' title='bbox 988 1626 1140 1700; x_wconf 87' lang='lat' dir='ltr'>materias,</span> 
     </span>
     <span class='ocr_line' id='line_1_19' title="bbox 136 1702 1142 1786; baseline -0.002 -17"><span class='ocrx_word' id='word_1_149' title='bbox 136 1719 166 1771; x_wconf 92' lang='lat' dir='ltr'>ct</span> <span class='ocrx_word' id='word_1_150' title='bbox 184 1709 329 1786; x_wconf 83' lang='lat' dir='ltr'>exempla.</span> <span class='ocrx_word' id='word_1_151' title='bbox 348 1708 429 1767; x_wconf 83' lang='lat' dir='ltr'>Felix</span> <span class='ocrx_word' id='word_1_152' title='bbox 447 1708 497 1765; x_wconf 90' lang='lat' dir='ltr'>ille</span> <span class='ocrx_word' id='word_1_153' title='bbox 519 1705 685 1785; x_wconf 81' lang='lat' dir='ltr'>parochus,</span> <span class='ocrx_word' id='word_1_154' title='bbox 711 1707 763 1781; x_wconf 92' lang='lat' dir='ltr'>qui</span> <span class='ocrx_word' id='word_1_155' title='bbox 783 1722 852 1763; x_wconf 88' lang='lat' dir='ltr'>suos</span> <span class='ocrx_word' id='word_1_156' title='bbox 872 1702 1063 1780; x_wconf 87' lang='lat' dir='ltr'>parochianos</span> <span class='ocrx_word' id='word_1_157' title='bbox 1084 1709 1142 1767; x_wconf 84' lang='lat' dir='ltr'>fer·</span> 
     </span>
     <span class='ocr_line' id='line_1_20' title="bbox 135 1787 1142 1868; baseline 0.001 -17"><span class='ocrx_word' id='word_1_158' title='bbox 135 1792 219 1851; x_wconf 90' lang='lat' dir='ltr'>vidos</span> <span class='ocrx_word' id='word_1_159' title='bbox 232 1799 312 1851; x_wconf 90' lang='lat' dir='ltr'>tenet</span> <span class='ocrx_word' id='word_1_160' title='bbox 325 1791 357 1848; x_wconf 94' lang='lat' dir='ltr'>in</span> <span class='ocrx_word' id='word_1_161' title='bbox 370 1790 543 1849; x_wconf 83' lang='lat' dir='ltr'>beatissimae</span> <span class='ocrx_word' id='word_1_162' title='bbox 561 1790 692 1868; x_wconf 84' lang='lat' dir='ltr'>Virginis</span> <span class='ocrx_word' id='word_1_163' title='bbox 711 1787 900 1848; x_wconf 86' lang='lat' dir='ltr'>devotionern</span> <span class='ocrx_word' id='word_1_164' title='bbox 913 1809 922 1862; x_wconf 82' lang='lat'><em>3</em></span> <span class='ocrx_word' id='word_1_165' title='bbox 939 1807 1007 1849; x_wconf 89' lang='lat' dir='ltr'>nam</span> <span class='ocrx_word' id='word_1_166' title='bbox 1019 1791 1062 1851; x_wconf 90' lang='lat' dir='ltr'>illi</span> <span class='ocrx_word' id='word_1_167' title='bbox 1075 1810 1142 1853; x_wconf 89' lang='lat' dir='ltr'>cum</span> 
     </span>
     <span class='ocr_line' id='line_1_21' title="bbox 136 1871 1142 1954; baseline 0 -19"><span class='ocrx_word' id='word_1_168' title='bbox 136 1874 270 1951; x_wconf 85' lang='lat' dir='ltr'>ejusdem</span> <span class='ocrx_word' id='word_1_169' title='bbox 288 1873 418 1951; x_wconf 82' lang='lat' dir='ltr'>Virginis</span> <span class='ocrx_word' id='word_1_170' title='bbox 438 1873 547 1933; x_wconf 82' lang='lat' dir='ltr'>auxilio</span> <span class='ocrx_word' id='word_1_171' title='bbox 567 1874 657 1932; x_wconf 89' lang='lat' dir='ltr'>vitam</span> <span class='ocrx_word' id='word_1_172' title='bbox 682 1874 860 1951; x_wconf 87' lang='lat' dir='ltr'>morigeram</span> <span class='ocrx_word' id='word_1_173' title='bbox 883 1871 1012 1946; x_wconf 86' lang='lat' dir='ltr'>ducent,</span> <span class='ocrx_word' id='word_1_174' title='bbox 1029 1883 1062 1934; x_wconf 85' lang='lat' dir='ltr'>et</span> <span class='ocrx_word' id='word_1_175' title='bbox 1080 1876 1142 1954; x_wconf 92' lang='lat' dir='ltr'>ipse</span> 
     </span>
     <span class='ocr_line' id='line_1_22' title="bbox 136 1957 1140 2034; baseline 0.004 -16"><span class='ocrx_word' id='word_1_176' title='bbox 136 1960 167 2018; x_wconf 91' lang='lat' dir='ltr'>in</span> <span class='ocrx_word' id='word_1_177' title='bbox 185 1960 256 2017; x_wconf 82' lang='lat' dir='ltr'>vitm</span> <span class='ocrx_word' id='word_1_178' title='bbox 268 1959 348 2018; x_wconf 82' lang='lat' dir='ltr'>exitu</span> <span class='ocrx_word' id='word_1_179' title='bbox 372 1959 465 2034; x_wconf 86' lang='lat' dir='ltr'>ipsam</span> <span class='ocrx_word' id='word_1_180' title='bbox 484 1957 603 2017; x_wconf 87' lang='lat' dir='ltr'>fidelem</span> <span class='ocrx_word' id='word_1_181' title='bbox 620 1968 649 2018; x_wconf 93' lang='lat' dir='ltr'>et</span> <span class='ocrx_word' id='word_1_182' title='bbox 663 1966 813 2034; x_wconf 89' lang='lat' dir='ltr'>potentem</span> <span class='ocrx_word' id='word_1_183' title='bbox 828 1957 996 2020; x_wconf 80' lang='lat' dir='ltr'>advocatam</span> <span class='ocrx_word' id='word_1_184' title='bbox 1011 1959 1140 2022; x_wconf 85' lang='lat' dir='ltr'>babebit.</span> 
     </span>
     <span class='ocr_line' id='line_1_23' title="bbox 136 2041 1142 2121; baseline 0.005 -21"><span class='ocrx_word' id='word_1_185' title='bbox 136 2044 277 2118; x_wconf 31' lang='lat' dir='ltr'>lienique·</span> <span class='ocrx_word' id='word_1_186' title='bbox 291 2041 420 2101; x_wconf 88' lang='lat' dir='ltr'>insinuet</span> <span class='ocrx_word' id='word_1_187' title='bbox 439 2050 514 2113; x_wconf 67' lang='lat' dir='ltr'>unte¹</span> <span class='ocrx_word' id='word_1_188' title='bbox 533 2042 631 2101; x_wconf 89' lang='lat' dir='ltr'>omnia</span> <span class='ocrx_word' id='word_1_189' title='bbox 642 2085 652 2118; x_wconf 91' lang='lat'>,</span> <span class='ocrx_word' id='word_1_190' title='bbox 673 2051 706 2100; x_wconf 95' lang='lat' dir='ltr'>ut</span> <span class='ocrx_word' id='word_1_191' title='bbox 727 2051 890 2101; x_wconf 87' lang='lat' dir='ltr'>assuescant</span> <span class='ocrx_word' id='word_1_192' title='bbox 909 2041 1014 2121; x_wconf 79' lang='lat' dir='ltr'>soe&#39;pids</span> <span class='ocrx_word' id='word_1_193' title='bbox 1036 2063 1067 2105; x_wconf 91' lang='lat' dir='ltr'>se</span> <span class='ocrx_word' id='word_1_194' title='bbox 1080 2048 1142 2105; x_wconf 86' lang='lat' dir='ltr'>Deo</span> 
     </span>
     <span class='ocr_line' id='line_1_24' title="bbox 137 2123 1141 2204; baseline 0.005 -19"><span class='ocrx_word' id='word_1_195' title='bbox 137 2123 360 2195; x_wconf 87' lang='lat' dir='ltr'>commendare,</span> <span class='ocrx_word' id='word_1_196' title='bbox 370 2124 407 2183; x_wconf 90' lang='lat' dir='ltr'>ab</span> <span class='ocrx_word' id='word_1_197' title='bbox 419 2142 454 2187; x_wconf 91' lang='lat' dir='ltr'>eo</span> <span class='ocrx_word' id='word_1_198' title='bbox 466 2134 594 2183; x_wconf 89' lang='lat' dir='ltr'>sanctam</span> <span class='ocrx_word' id='word_1_199' title='bbox 615 2127 862 2202; x_wconf 86' lang='lat' dir='ltr'>perseverantiam</span> <span class='ocrx_word' id='word_1_200' title='bbox 881 2145 940 2204; x_wconf 90' lang='lat' dir='ltr'>per·</span> <span class='ocrx_word' id='word_1_201' title='bbox 957 2131 1141 2190; x_wconf 74' lang='lat' dir='ltr'>maritalem</span> 
     </span>
     <span class='ocr_line' id='line_1_25' title="bbox 137 2207 1143 2292; baseline 0.003 -21"><span class='ocrx_word' id='word_1_202' title='bbox 137 2207 245 2271; x_wconf 87' lang='lat' dir='ltr'>Christi</span> <span class='ocrx_word' id='word_1_203' title='bbox 264 2218 294 2268; x_wconf 94' lang='lat' dir='ltr'>et</span> <span class='ocrx_word' id='word_1_204' title='bbox 310 2209 407 2267; x_wconf 83' lang='lat' dir='ltr'>blariae</span> <span class='ocrx_word' id='word_1_205' title='bbox 429 2209 620 2286; x_wconf 84' lang='lat' dir='ltr'>postulantes.</span> <span class='ocrx_word' id='word_1_206' title='bbox 645 2208 756 2287; x_wconf 80' lang='lat' dir='ltr'>Smpids</span> <span class='ocrx_word' id='word_1_207' title='bbox 779 2227 897 2287; x_wconf 92' lang='lat' dir='ltr'>quoque</span> <span class='ocrx_word' id='word_1_208' title='bbox 916 2212 1054 2289; x_wconf 87' lang='lat' dir='ltr'>praedicet</span> <span class='ocrx_word' id='word_1_209' title='bbox 1077 2234 1143 2292; x_wconf 90' lang='lat' dir='ltr'>gra·</span> 
     </span>
     <span class='ocr_line' id='line_1_26' title="bbox 138 2292 1142 2371; baseline 0.006 -20"><span class='ocrx_word' id='word_1_210' title='bbox 138 2294 214 2363; x_wconf 88' lang='lat' dir='ltr'>tias,</span> <span class='ocrx_word' id='word_1_211' title='bbox 241 2302 273 2355; x_wconf 84' lang='lat' dir='ltr'>ct</span> <span class='ocrx_word' id='word_1_212' title='bbox 298 2292 444 2370; x_wconf 71' lang='lat' dir='ltr'>praecipue</span> <span class='ocrx_word' id='word_1_213' title='bbox 468 2295 690 2369; x_wconf 75' lang='lat' dir='ltr'>perseverantia</span> <span class='ocrx_word' id='word_1_214' title='bbox 716 2295 829 2371; x_wconf 89' lang='lat' dir='ltr'>donum</span> <span class='ocrx_word' id='word_1_215' title='bbox 855 2313 914 2354; x_wconf 90' lang='lat' dir='ltr'>non</span> <span class='ocrx_word' id='word_1_216' title='bbox 942 2297 1062 2357; x_wconf 88' lang='lat' dir='ltr'>concedi</span> <span class='ocrx_word' id='word_1_217' title='bbox 1084 2299 1142 2358; x_wconf 90' lang='lat' dir='ltr'>nisi</span> 
     </span>
     <span class='ocr_line' id='line_1_27' title="bbox 137 2377 1143 2457; baseline 0.005 -22"><span class='ocrx_word' id='word_1_218' title='bbox 137 2377 446 2454; x_wconf 81' lang='lat' dir='ltr'>petentibus3Pctite,</span> <span class='ocrx_word' id='word_1_219' title='bbox 465 2385 494 2437; x_wconf 86' lang='lat' dir='ltr'>et</span> <span class='ocrx_word' id='word_1_220' title='bbox 514 2377 671 2457; x_wconf 80' lang='lat' dir='ltr'>accipietis.</span> <span class='ocrx_word' id='word_1_221' title='bbox 689 2380 854 2455; x_wconf 77' lang='lat' dir='ltr'>Notumque</span> <span class='ocrx_word' id='word_1_222' title='bbox 872 2379 956 2438; x_wconf 82' lang='lat' dir='ltr'>saciet</span> <span class='ocrx_word' id='word_1_223' title='bbox 976 2382 1057 2440; x_wconf 89' lang='lat' dir='ltr'>illam</span> <span class='ocrx_word' id='word_1_224' title='bbox 1075 2398 1143 2456; x_wconf 91' lang='lat' dir='ltr'>pro-</span> 
     </span>
     <span class='ocr_line' id='line_1_28' title="bbox 138 2460 1142 2537; baseline 0.003 -18"><span class='ocrx_word' id='word_1_225' title='bbox 138 2462 309 2519; x_wconf 89' lang='lat' dir='ltr'>missionem</span> <span class='ocrx_word' id='word_1_226' title='bbox 328 2460 396 2519; x_wconf 82' lang='lat' dir='ltr'>iesu</span> <span class='ocrx_word' id='word_1_227' title='bbox 416 2460 542 2529; x_wconf 82' lang='lat' dir='ltr'>Christi,</span> <span class='ocrx_word' id='word_1_228' title='bbox 565 2460 743 2537; x_wconf 75' lang='lat' dir='ltr'>quidquidi</span> <span class='ocrx_word' id='word_1_229' title='bbox 767 2464 853 2520; x_wconf 86' lang='lat' dir='ltr'>Patre</span> <span class='ocrx_word' id='word_1_230' title='bbox 875 2463 1088 2536; x_wconf 91' lang='lat' dir='ltr'>postulabimus</span> <span class='ocrx_word' id='word_1_231' title='bbox 1110 2465 1142 2523; x_wconf 90' lang='lat' dir='ltr'>in</span> 
     </span>
     <span class='ocr_line' id='line_1_29' title="bbox 138 2542 1142 2619; baseline 0.003 -17"><span class='ocrx_word' id='word_1_232' title='bbox 138 2544 260 2605; x_wconf 88' lang='lat' dir='ltr'>nomine</span> <span class='ocrx_word' id='word_1_233' title='bbox 278 2542 356 2619; x_wconf 85' lang='lat' dir='ltr'>ejus,</span> <span class='ocrx_word' id='word_1_234' title='bbox 373 2543 635 2605; x_wconf 88' lang='lat' dir='ltr'>idomnePatrem</span> <span class='ocrx_word' id='word_1_235' title='bbox 652 2545 792 2602; x_wconf 87' lang='lat' dir='ltr'>daturum</span> <span class='ocrx_word' id='word_1_236' title='bbox 809 2543 915 2601; x_wconf 92' lang='lat' dir='ltr'>nobis:</span> <span class='ocrx_word' id='word_1_237' title='bbox 933 2544 1041 2619; x_wconf 79' lang='lat' dir='ltr'>Amen,</span> <span class='ocrx_word' id='word_1_238' title='bbox 1057 2563 1142 2605; x_wconf 82' lang='lat' dir='ltr'>amen</span> 
     </span>
     <span class='ocr_line' id='line_1_30' title="bbox 136 2625 1145 2710; baseline 0.002 -23"><span class='ocrx_word' id='word_1_239' title='bbox 136 2625 198 2688; x_wconf 75' lang='lat' dir='ltr'>(iaco</span> <span class='ocrx_word' id='word_1_240' title='bbox 220 2625 324 2699; x_wconf 82' lang='lat' dir='ltr'>uobis,</span> <span class='ocrx_word' id='word_1_241' title='bbox 337 2646 364 2687; x_wconf 80' lang='lat' dir='ltr'>aa</span> <span class='ocrx_word' id='word_1_242' title='bbox 360 2626 457 2709; x_wconf 83' lang='lat' dir='ltr'>quid</span> <span class='ocrx_word' id='word_1_243' title='bbox 472 2628 614 2710; x_wconf 75' lang='lat' dir='ltr'>petieritis</span> <span class='ocrx_word' id='word_1_244' title='bbox 632 2628 804 2685; x_wconf 73' lang='lat' dir='ltr'>Patremon</span> <span class='ocrx_word' id='word_1_245' title='bbox 827 2625 945 2687; x_wconf 76' lang='lat' dir='ltr'>acontiae</span> <span class='ocrx_word' id='word_1_246' title='bbox 964 2645 1045 2700; x_wconf 84' lang='lat' dir='ltr'>meo,</span> <span class='ocrx_word' id='word_1_247' title='bbox 1062 2628 1145 2690; x_wconf 78' lang='lat' dir='ltr'>dctbrt</span> 
     </span>
     <span class='ocr_line' id='line_1_31' title="bbox 136 2709 1144 2789; baseline 0 -16"><span class='ocrx_word' id='word_1_248' title='bbox 136 2711 238 2782; x_wconf 72' lang='lat' dir='ltr'>aba,</span> <span class='ocrx_word' id='word_1_249' title='bbox 258 2712 379 2789; x_wconf 84' lang='lat' dir='ltr'>(Joanu.</span> <span class='ocrx_word' id='word_1_250' title='bbox 402 2714 448 2772; x_wconf 80' lang='grc'>16.</span> <span class='ocrx_word' id='word_1_251' title='bbox 473 2711 545 2788; x_wconf 69' lang='lat'>25..)</span> <span class='ocrx_word' id='word_1_252' title='bbox 571 2711 704 2769; x_wconf 90' lang='lat' dir='ltr'>insinuet</span> <span class='ocrx_word' id='word_1_253' title='bbox 728 2709 817 2767; x_wconf 87' lang='lat' dir='ltr'>etiam</span> <span class='ocrx_word' id='word_1_254' title='bbox 841 2709 982 2768; x_wconf 90' lang='lat' dir='ltr'>orationis</span> <span class='ocrx_word' id='word_1_255' title='bbox 1008 2717 1144 2774; x_wconf 86' lang='lat' dir='ltr'>mentulis</span> 
     </span>
     <span class='ocr_line' id='line_1_32' title="bbox 137 2791 1142 2890; baseline 0.005 -37"><span class='ocrx_word' id='word_1_256' title='bbox 137 2813 247 2868; x_wconf 76' lang='lat' dir='ltr'>risum,</span> <span class='ocrx_word' id='word_1_257' title='bbox 260 2803 292 2855; x_wconf 89' lang='lat' dir='ltr'>et</span> <span class='ocrx_word' id='word_1_258' title='bbox 304 2806 388 2857; x_wconf 90' lang='lat' dir='ltr'>curet</span> <span class='ocrx_word' id='word_1_259' title='bbox 400 2798 438 2861; x_wconf 92' lang='lat' dir='ltr'>in</span> <span class='ocrx_word' id='word_1_260' title='bbox 444 2797 568 2856; x_wconf 87' lang='lat' dir='ltr'>Ecclesia</span> <span class='ocrx_word' id='word_1_261' title='bbox 588 2812 655 2855; x_wconf 90' lang='lat' dir='ltr'>eum</span> <span class='ocrx_word' id='word_1_262' title='bbox 675 2791 784 2870; x_wconf 90' lang='lat' dir='ltr'>populo</span> <span class='ocrx_word' id='word_1_263' title='bbox 804 2791 955 2890; x_wconf 88' lang='lat' dir='ltr'>quotidie,</span> <span class='ocrx_word' id='word_1_264' title='bbox 975 2806 1026 2855; x_wconf 89' lang='lat' dir='ltr'>aut</span> <span class='ocrx_word' id='word_1_265' title='bbox 1040 2799 1142 2858; x_wconf 83' lang='lat' dir='ltr'>saltem</span> 
     </span>
     <span class='ocr_line' id='line_1_33' title="bbox 137 2877 1144 2957; baseline -0.001 -17"><span class='ocrx_word' id='word_1_266' title='bbox 137 2880 242 2940; x_wconf 88' lang='lat' dir='ltr'>diebus</span> <span class='ocrx_word' id='word_1_267' title='bbox 265 2879 392 2952; x_wconf 82' lang='lat' dir='ltr'>festivis,</span> <span class='ocrx_word' id='word_1_268' title='bbox 411 2890 446 2939; x_wconf 90' lang='lat' dir='ltr'>ut</span> <span class='ocrx_word' id='word_1_269' title='bbox 467 2882 515 2943; x_wconf 88' lang='lat' dir='ltr'>illa</span> <span class='ocrx_word' id='word_1_270' title='bbox 540 2880 611 2955; x_wconf 82' lang='lat' dir='ltr'>fiat3</span> <span class='ocrx_word' id='word_1_271' title='bbox 633 2877 766 2938; x_wconf 88' lang='lat' dir='ltr'>docendo</span> <span class='ocrx_word' id='word_1_272' title='bbox 787 2878 876 2937; x_wconf 91' lang='lat' dir='ltr'>etiam</span> <span class='ocrx_word' id='word_1_273' title='bbox 896 2879 1038 2951; x_wconf 91' lang='lat' dir='ltr'>modum,</span> <span class='ocrx_word' id='word_1_274' title='bbox 1055 2899 1144 2957; x_wconf 88' lang='lat' dir='ltr'>quem</span> 
     </span>
     <span class='ocr_line' id='line_1_34' title="bbox 137 2961 1145 3047; baseline 0.001 -25"><span class='ocrx_word' id='word_1_275' title='bbox 137 2962 219 3025; x_wconf 91' lang='lat' dir='ltr'>domi</span> <span class='ocrx_word' id='word_1_276' title='bbox 244 2964 278 3022; x_wconf 92' lang='lat' dir='ltr'>in</span> <span class='ocrx_word' id='word_1_277' title='bbox 294 2981 328 3021; x_wconf 89' lang='lat' dir='ltr'>ca</span> <span class='ocrx_word' id='word_1_278' title='bbox 342 2963 474 3047; x_wconf 85' lang='lat' dir='ltr'>iaciepdu</span> <span class='ocrx_word' id='word_1_279' title='bbox 496 2966 597 3025; x_wconf 76' lang='lat' dir='ltr'>tenere</span> <span class='ocrx_word' id='word_1_280' title='bbox 617 2972 760 3043; x_wconf 87' lang='lat' dir='ltr'>possunt;</span> <span class='ocrx_word' id='word_1_281' title='bbox 778 2961 904 3039; x_wconf 70' lang='lat' dir='ltr'>iniecique</span> <span class='ocrx_word' id='word_1_282' title='bbox 924 2961 974 3024; x_wconf 87' lang='lat' dir='ltr'>bie</span> <span class='ocrx_word' id='word_1_283' title='bbox 991 2963 1145 3040; x_wconf 84' lang='lat' dir='ltr'>subjungi·</span> 
     </span>
     <span class='ocr_line' id='line_1_35' title="bbox 138 3047 1145 3128; baseline 0.001 -24"><span class='ocrx_word' id='word_1_284' title='bbox 138 3054 188 3106; x_wconf 88' lang='lat' dir='ltr'>tur</span> <span class='ocrx_word' id='word_1_285' title='bbox 206 3065 333 3123; x_wconf 87' lang='lat' dir='ltr'>sequens</span> <span class='ocrx_word' id='word_1_286' title='bbox 352 3047 507 3118; x_wconf 84' lang='lat' dir='ltr'>instructio</span> <span class='ocrx_word' id='word_1_287' title='bbox 530 3049 581 3108; x_wconf 91' lang='lat' dir='ltr'>ubi</span> <span class='ocrx_word' id='word_1_288' title='bbox 605 3049 764 3128; x_wconf 87' lang='lat' dir='ltr'>exponitur</span> <span class='ocrx_word' id='word_1_289' title='bbox 787 3049 965 3121; x_wconf 88' lang='lat' dir='ltr'>necessitas,</span> <span class='ocrx_word' id='word_1_290' title='bbox 986 3057 1017 3108; x_wconf 87' lang='lat' dir='ltr'>ct</span> <span class='ocrx_word' id='word_1_291' title='bbox 1041 3048 1145 3111; x_wconf 87' lang='lat' dir='ltr'>modus</span> 
     </span>
     <span class='ocr_line' id='line_1_36' title="bbox 137 3131 610 3214; baseline 0.011 -27"><span class='ocrx_word' id='word_1_292' title='bbox 137 3131 445 3214; x_wconf 74' lang='lat' dir='ltr'>piracticusorationis</span> <span class='ocrx_word' id='word_1_293' title='bbox 464 3133 610 3193; x_wconf 84' lang='lat' dir='ltr'>mentalis.</span> 
     </span>
    </p>
   </div>
   <div class='ocr_carea' id='block_1_3' title="bbox 305 3257 976 3339">
    <p class='ocr_par' dir='ltr' id='par_1_4' title="bbox 305 3257 976 3339">
     <span class='ocr_line' id='line_1_37' title="bbox 305 3257 976 3339; baseline 0.007 -23"><span class='ocrx_word' id='word_1_294' title='bbox 305 3257 331 3338; x_wconf 66' lang='grc'>3.</span> <span class='ocrx_word' id='word_1_295' title='bbox 347 3261 398 3317; x_wconf 90' lang='lat' dir='ltr'>lli.</span> <span class='ocrx_word' id='word_1_296' title='bbox 416 3258 521 3321; x_wconf 83' lang='lat' dir='ltr'>Brevia</span> <span class='ocrx_word' id='word_1_297' title='bbox 539 3262 645 3339; x_wconf 77' lang='lat' dir='ltr'>praxis</span> <span class='ocrx_word' id='word_1_298' title='bbox 664 3261 809 3322; x_wconf 79' lang='lat' dir='ltr'>orationis</span> <span class='ocrx_word' id='word_1_299' title='bbox 828 3257 976 3321; x_wconf 79' lang='lat' dir='ltr'>inentaiis.</span> 
     </span>
    </p>
   </div>
   <div class='ocr_carea' id='block_1_4' title="bbox 140 3395 1145 3621">
    <p class='ocr_par' dir='ltr' id='par_1_5' title="bbox 140 3395 1145 3621">
     <span class='ocr_line' id='line_1_38' title="bbox 176 3395 1145 3533; baseline 0.008 -20"><span class='ocrx_word' id='word_1_300' title='bbox 176 3455 245 3514; x_wconf 77' lang='lat' dir='ltr'>atr.</span> <span class='ocrx_word' id='word_1_301' title='bbox 262 3395 352 3517; x_wconf 77' lang='lat' dir='ltr'>Neu</span> <span class='ocrx_word' id='word_1_302' title='bbox 370 3466 413 3513; x_wconf 88' lang='lat' dir='ltr'>cst</span> <span class='ocrx_word' id='word_1_303' title='bbox 428 3455 622 3515; x_wconf 86' lang='lat' dir='ltr'>dubitandum</span> <span class='ocrx_word' id='word_1_304' title='bbox 639 3458 713 3533; x_wconf 93' lang='lat' dir='ltr'>quin</span> <span class='ocrx_word' id='word_1_305' title='bbox 730 3475 765 3517; x_wconf 82' lang='lat' dir='ltr'>ex</span> <span class='ocrx_word' id='word_1_306' title='bbox 781 3458 1019 3521; x_wconf 88' lang='lat' dir='ltr'>considerationis</span> <span class='ocrx_word' id='word_1_307' title='bbox 1037 3463 1145 3523; x_wconf 89' lang='lat' dir='ltr'>verita·</span> 
     </span>
     <span class='ocr_line' id='line_1_39' title="bbox 140 3539 1145 3621; baseline 0.012 -26"><span class='ocrx_word' id='word_1_308' title='bbox 140 3544 205 3596; x_wconf 86' lang='lat' dir='ltr'>tum</span> <span class='ocrx_word' id='word_1_309' title='bbox 219 3548 399 3600; x_wconf 79' lang='lat' dir='ltr'>aeternarum</span> <span class='ocrx_word' id='word_1_310' title='bbox 413 3539 525 3599; x_wconf 85' lang='lat' dir='ltr'>deiectu</span> <span class='ocrx_word' id='word_1_311' title='bbox 538 3583 546 3614; x_wconf 90' lang='lat'>,</span> <span class='ocrx_word' id='word_1_312' title='bbox 560 3542 689 3601; x_wconf 88' lang='lat' dir='ltr'>mundus</span> <span class='ocrx_word' id='word_1_313' title='bbox 700 3543 957 3621; x_wconf 81' lang='lat' dir='ltr'>peccatisseatcat,</span> <span class='ocrx_word' id='word_1_314' title='bbox 969 3555 999 3608; x_wconf 87' lang='lat' dir='ltr'>et</span> <span class='ocrx_word' id='word_1_315' title='bbox 1011 3546 1145 3609; x_wconf 82' lang='lat' dir='ltr'>infernus</span> 
     </span>
    </p>
   </div>
   <div class='ocr_carea' id='block_1_5' title="bbox 0 0 1332 4167">
    <p class='ocr_par' dir='ltr' id='par_1_6' title="bbox 0 0 1332 4167">
     <span class='ocr_line' id='line_1_40' title="bbox 0 0 1332 4167; baseline 0 0"><span class='ocrx_word' id='word_1_316' title='bbox 0 0 1332 4167; x_wconf 95' lang='lat' dir='ltr'> </span> 
     </span>
    </p>
   </div>
  </div>
 </body>
</html>
