2642 4167
182 196 220 258 td
461 192 573 257 Paucis
585 191 770 275 coaiscsaorii.
788 196 861 277 Cap.
873 196 903 255 l.

182 294 273 355 socios
294 299 328 360 ,ct
349 293 512 358 occasiones
536 295 686 371 aufugiam
706 295 814 364 utilit,
834 294 886 372 qui
909 291 1045 356 habitum
1060 295 1186 378 praeuia

167 396 235 455 ,per
259 380 380 456 longum
403 389 520 457 tempus
539 380 686 440 contraxit
710 380 742 439 in
764 378 820 443 boc
836 378 934 450 vitio,
954 387 989 437 ut
1012 397 1074 440 nun
1089 378 1186 441 sollum

182 463 254 522 vitet
269 464 415 541 proximos
424 463 609 532 occasiones,
626 464 677 522 scd
693 464 783 523 etiam
799 462 939 540 quosdam
951 472 1101 538 remotas,
1119 483 1188 542 qum

162 547 236 624 sibi
260 556 319 608 tani
336 547 428 608 debili
450 547 487 608 ad
505 548 703 609 resistendum
727 548 810 607 lactu
834 556 923 607 erunt
942 549 1096 624 proxime.
1112 550 1187 609 Huic

165 625 327 708 'praecipue
347 632 539 710 imponatur,
564 651 601 692 ne
627 650 759 709 unquam
784 631 963 691 intermittat
987 631 1111 691 recitare
1141 642 1187 691 ter

180 714 385 777 salutationem
401 716 561 793 angelicam
582 716 614 775 iu
627 715 772 776 bonorem
788 716 924 792 puritatis
937 715 1110 776 beatissime
1123 717 1188 775 Vir·

180 797 282 873 ginis,
301 817 388 858 manc
406 810 436 860 ct
453 801 590 877 vesperi,
610 800 772 876 repetendo
787 816 903 876 semper
916 817 1013 860 coram
1028 798 1091 875 ejus
1113 801 1188 858 ima·

179 882 248 954 gine
265 884 449 960 locopositum
458 902 518 944 non
531 884 683 961 peccandi,
696 894 726 942 et
737 883 999 960 supplicationem,
1012 893 1045 942 ut
1055 883 1111 942 sibi
1125 902 1189 961 per·

180 967 374 1028 scirerrintiam
390 970 538 1045 impetret.
552 966 741 1028 Potissimdm
760 977 859 1025 nutem
878 968 1068 1027 confessarius
1082 978 1186 1036 curet,

182 1059 214 1110 ut
227 1051 396 1127 frequenter
408 1047 662 1113 biccommunicct
672 1050 756 1121 ‚clun
769 1050 948 1111 Eucharistia
957 1050 1071 1110 dicatur
1081 1051 1186 1111 cirrum

178 1132 348 1210 parietinam
364 1135 502 1216 uirpinca.
528 1136 598 1206 llli,
624 1136 675 1213 qui
696 1136 799 1195 solitus
822 1135 879 1194 luit
901 1132 1092 1210 blasphemias
1115 1155 1187 1212 pro-

179 1216 277 1287 lerre,
296 1220 480 1290 insinuetur,
499 1229 533 1280 ut
555 1221 656 1279 novics
668 1264 678 1293 ,
704 1220 751 1278 vel
777 1218 935 1295 quinquies
965 1217 1066 1294 lingui
1089 1218 1187 1297 signet

180 1315 296 1363 crucem
312 1322 402 1382 super
417 1314 526 1365 terram
541 1348 549 1378 ,
575 1314 604 1363 ct
621 1314 654 1363 ut
669 1303 801 1380 quotidie
814 1303 916 1362 saltem
927 1301 1017 1361 semel
1030 1302 1108 1361 dicat
1119 1321 1189 1363 ora·

180 1384 290 1446 tionem
311 1388 518 1450 dominicalem
532 1434 541 1460 ,
553 1399 583 1449 ct
601 1389 807 1448 salutationem
820 1387 979 1463 angelicam
993 1386 1025 1445 in
1041 1383 1187 1448 bonorem

180 1471 354 1533 Sanctorum
366 1517 376 1551 ,
393 1477 424 1535 in
438 1494 512 1553 quos
525 1484 676 1535 execratus
687 1474 743 1532 luit
755 1493 764 1547 3
774 1482 804 1531 ct
817 1471 990 1548 utquolibet
999 1488 1086 1530 mane
1091 1470 1186 1548 ,dum

180 1552 197 1615 ὲ
214 1557 316 1617 cubitu
331 1561 447 1638 surgit,
463 1570 586 1621 renovet
608 1560 792 1637 propositum
811 1558 957 1635 patienter
972 1556 1084 1616 serendi
1102 1575 1187 1618 occa·

177 1639 274 1699 aiones
285 1642 512 1719 indignationis,
527 1654 557 1704 et
575 1652 622 1704 ter
642 1644 719 1703 dicat
734 1646 767 1702 B.
780 1642 896 1718 Virgini
913 1641 1045 1719 quolibet
1069 1659 1155 1703 mane
1175 1662 1185 1699 ε

177 1724 310 1785 Domino
322 1745 386 1786 mco
399 1772 408 1796 ,
422 1726 501 1788 dona
518 1727 594 1789 miti
612 1726 812 1808 potientium,-
827 1737 857 1786 et
870 1725 902 1786 id
918 1723 1083 1785 nonsoldm
1094 1726 1187 1788 inser·
1245 1721 1250 1731 ’

177 1810 236 1870 vict
249 1854 257 1880 ‚
271 1820 305 1871 ut
328 1813 416 1871 llario
438 1813 618 1872 sanctissimo
640 1812 697 1871 sibi
714 1811 900 1889 opituletur,
922 1811 1077 1869 sedetiam
1093 1819 1127 1869 ut
1151 1812 1186 1871 in

178 1895 375 1955 occasionibus
394 1897 562 1974 reperiatur
574 1896 694 1955 babitus
712 1897 807 1955 iactus
827 1894 943 1955 dicendi
959 1894 1061 1954 cadem
1083 1893 1186 1954 rerba.

177 1978 237 2036 Aut
249 1990 391 2039 assuescat
407 1980 551 2040 dicando:
568 1978 762 2042 Maledictum
780 1978 981 2060 sitpcccotum
991 1995 1090 2037 meum
1098 2001 1111 2053 ,·
1121 1997 1188 2037 mu·

177 2057 298 2124 leuatus
319 2062 359 2124 eit
379 2064 507 2140 wion,
525 2072 579 2126 etc.
595 2066 659 2125 Alia
675 2065 804 2124 remedio
825 2065 982 2143 assignabit
992 2064 1188 2126 confessarius

177 2163 232 2223 pro
243 2164 295 2205 sua
310 2149 487 2224 prudentia,
507 2150 645 2229 inspectis
658 2150 886 2212 circumstantiis
899 2148 1105 2223 occasionum,
1119 2166 1188 2228 par

175 2246 335 2307 sonarum,
351 2243 382 2293 et
396 2252 568 2296 munerum.

403 2400 431 2481 S.
443 2403 496 2464 lll.
512 2400 598 2463 Circo
614 2398 745 2482 officium
763 2399 888 2463 doctoris
901 2400 955 2479 (l).
1033 2443 1036 2450 .

211 2650 261 2710 17.
282 2588 393 2711 Lien
402 2645 557 2708 occardotis
566 2645 728 2707 custodient
741 2645 915 2718 scientiam,
933 2654 962 2708 ct
976 2642 1066 2726 dapem
1081 2649 1186 2729 requi·

172 2742 239 2794 reat
250 2751 287 2793 ex
300 2753 350 2793 ora
362 2731 426 2812 ejus
435 2730 578 2810 (Manu.
589 2733 618 2791 2.
634 2730 687 2808 7.).
698 2732 891 2804 confessario,
901 2729 1072 2791 utdoctaris
1083 2733 1185 2793 cilicio

174 2816 231 2879 utut
251 2818 412 2895 iungatur,
432 2834 506 2891 opus
521 2826 568 2876 est
582 2859 590 2885 ,
602 2824 640 2876 vut
657 2815 733 2876 bont
748 2815 820 2876 sciat
831 2816 927 2893 legem
937 2836 947 2891 3
958 2816 1009 2892 qui
1020 2817 1102 2875 enim
1114 2833 1185 2878 eam

172 2901 306 2979 ignorat,
324 2914 384 2958 uon
410 2906 506 2974 potest
522 2899 593 2958 alios
609 2898 726 2960 dooere.
747 2898 805 2959 Sed
828 2896 878 2959 bic
898 2898 1112 2958 advertendum
1136 2909 1185 2961 est

172 2984 204 3044 id
223 2982 302 3062 quod
315 2982 417 3042 scribit
434 2983 467 3041 S.
483 2982 661 3061 Grcyurias,
682 3000 789 3060 nempe
805 2982 934 3042 odicium
953 2981 1101 3059 dirigendi
1115 2983 1184 3041 aui-

172 3086 236 3129 mas
248 3086 301 3145 per
319 3067 397 3126 viam
416 3067 517 3126 salutis
532 3077 650 3126 eterne
663 3085 725 3127 case
738 3076 832 3127 artem
847 3067 955 3125 artium
971 3085 980 3123 r
998 3059 1186 3127 disortium

171 3150 299 3231 rapinum
312 3149 492 3211 animorum.
505 3152 543 3210 Et
553 3152 585 3211 S.
595 3153 771 3212 Franciseus
780 3146 910 3212 Saluius
925 3149 1040 3209 dicebat
1051 3149 1187 3212 officium

172 3234 308 3294 audiendi
318 3235 511 3296 consessiones
523 3252 584 3294 esse
593 3235 727 3295 omnium
741 3235 906 3296 maximum
916 3243 947 3293 et
960 3232 1184 3301 diffieilbmum.

172 3316 283 3380 Reverti
305 3320 346 3379 ita
362 3328 416 3378 cst.
441 3318 650 3389 Echemmona
674 3317 862 3391 maximum,
887 3318 958 3395 quia
980 3326 1025 3377 est
1043 3319 1184 3382 omnium

199 3514 231 3574 ll)
242 3514 276 3562 dd
285 3515 347 3577 quod
359 3523 452 3576 spectat
467 3517 565 3565 seleutia
579 3519 645 3577 lepis.
929 3586 987 3633 m
