2642 4167
359 235 388 318 ς.
402 234 613 314 torpueris,
628 231 875 311 abducentibus,
895 241 949 298 ete.
1118 241 1156 301 77

145 343 214 411 set,
230 336 329 399 diaeta
345 338 421 398 Item
435 353 496 397 nou
507 334 637 398 obstante
646 337 792 399 restitutit
803 344 869 397 eota
879 335 960 416 quod
966 335 1091 401 eorisr‘sti
1097 385 1105 410 ,
1118 344 1155 402 ut

142 423 179 484 r’n
194 421 562 493 marmaritanorum,
577 420 745 483 redebitum
756 419 909 502 eonjupele
918 423 1031 502 eripere
1038 424 1151 504 poesia,

143 507 322 567 erectoritete
334 502 496 585 apostolice
509 513 600 566 terum
612 505 758 586 dispenso.
770 509 809 565 ln
827 505 966 583 nomine,
989 514 1041 568 ete.

183 590 235 650 89.
261 592 295 650 ln
315 590 424 669 quibus
449 598 548 649 autem
566 591 680 650 casibus
706 593 737 651 S.
761 590 980 650 Poenitentiaria
1002 591 1153 656 absolvero

141 676 257 754 possit,
270 687 321 737 aut
334 676 529 754 dispensaret
548 678 662 737 ensibus
677 675 850 756 papalibus,
870 678 1020 749 censuris,
1036 679 1152 756 irregu-

141 760 335 831 laritatibus,
353 762 448 827 votis,
462 760 660 837 juramentis,
683 761 920 821 restitutionibus
935 763 1076 838 incertis,
1093 774 1150 823 ete.

141 842 268 903 observa
278 844 400 905 Librum
413 843 489 921 (lib.
501 847 531 904 7.
544 864 576 904 a.
591 845 686 920 lib).
702 847 738 906 Et
749 846 780 904 in
794 845 1024 921 quibusmsrbus
1033 846 1153 926 dispen·

140 942 211 987 sare
223 929 315 1005 possit
328 929 361 990 in
371 929 593 1006 impedimentis
605 928 786 989 matrimonii
800 929 869 990 vide
881 928 957 1009 (Lib.
967 932 998 992 o.
1009 948 1041 992 a.
1053 930 1152 1008 titt.)

508 1106 724 1166 CAPITULUM
736 1107 802 1167 Vll.

145 1271 299 1350 Quomodo
323 1290 353 1335 se
365 1291 463 1355 perere
485 1271 587 1336 debeat
602 1274 800 1353 confessarius
815 1293 882 1336 eum
894 1276 1027 1355 paeana
1044 1272 1154 1339 diverti

581 1366 721 1449 penaria?

125 1625 128 1628 Ι
183 1531 212 1613 S.
237 1537 262 1594 l.
285 1534 435 1612 Quoaeodo
453 1553 519 1598 eum
537 1536 659 1619 prieris,
683 1533 928 1609 adolescentibus,
947 1543 977 1596 et
987 1533 1115 1616 patellis?

184 1709 330 1839 litteus
353 1773 453 1852 pueris
475 1771 616 1833 adhibere
641 1773 732 1833 debet
757 1789 876 1833 omnem
909 1769 1101 1845 charitatem,
1123 1779 1155 1835 et

142 1857 252 1918 modos
268 1858 416 1917 suaviores
426 1856 571 1935 quantiam
583 1857 647 1917 lieri
668 1866 774 1935 potest.
788 1855 889 1917 Primd
907 1874 957 1917 eos
973 1858 1154 1937 interrogare

143 1941 256 2012 debet,
274 1960 310 2001 an
322 1944 414 2002 seiont
428 1960 475 2002 res
485 1941 553 2002 fidei
564 1948 579 2002 ‘l
589 1952 619 2002 et
634 1942 658 2001 si
672 1943 805 2001 neseiant
818 1948 934 2020 oportet
944 1957 993 2003 eos
1009 1945 1155 2021 patienter

145 2026 296 2087 instruere
313 2045 367 2105 pro
394 2038 464 2087 tune
480 2071 488 2097 ,
505 2028 530 2087 si
553 2037 670 2105 tempus
695 2026 796 2099 adest,
824 2027 870 2087 ret
901 2046 950 2088 eos
977 2030 1093 2089 mittere
1115 2027 1154 2089 ad

144 2111 262 2181 alium,
283 2118 318 2170 ut
338 2113 524 2171 instruantur
545 2113 650 2172 saltem
675 2111 750 2170 eirea
772 2114 934 2171 necessaria
958 2112 994 2171 ad
1015 2113 1151 2174 salutem.

143 2192 223 2256 Cium
243 2202 341 2255 autem
362 2204 428 2274 agat
447 2197 484 2255 de
504 2197 704 2266 consessione,
729 2197 760 2254 in
776 2196 923 2274 principio
936 2215 1039 2256 aurare
1047 2198 1151 2268 debet,

145 2288 184 2339 ut
206 2282 289 2358 pueri
308 2299 344 2341 ex
369 2281 471 2359 seipsis
495 2282 693 2341 confiteantur
712 2290 826 2359 peeeata
857 2298 984 2360 quorum
1008 2298 1153 2350 memores

145 2365 218 2422 sunl
229 2385 239 2439 3
250 2375 279 2425 et
296 2374 393 2443 postea
409 2364 474 2424 lieri
494 2366 551 2424 illis
570 2375 710 2444 poterunt
724 2375 879 2442 sequentes
889 2367 1150 2445 interrogationes:

146 2450 178 2509 l.
198 2450 243 2508 An
258 2452 404 2511 tacuerint
425 2451 546 2528 aliquod
566 2460 717 2529 peecatum
742 2450 781 2511 ob
800 2451 1036 2512 verecundiam?
1055 2454 1085 2510 ἢ.
1106 2453 1153 2510 An

145 2533 416 2611 blasphemaverint
434 2537 464 2593 in
481 2536 620 2606 Sanetos‚
642 2545 694 2595 aut
707 2536 773 2594 ‘dies
793 2546 925 2602 sanctos,
950 2535 997 2593 vel
1020 2552 1057 2592 an
1069 2532 1154 2610 jura·

144 2619 247 2678 verint
268 2637 335 2679 euru
349 2620 521 2680 mendacio?
532 2622 561 2680 5.
582 2621 628 2680 lin
645 2620 801 2679 omiserint
819 2620 851 2677 in
869 2617 950 2675 iestis
967 2616 1070 2675 audire
1083 2616 1154 2675 mis·

144 2721 230 2779 sam,
253 2713 305 2765 aut
321 2706 353 2765 in
377 2705 522 2765 audienda
549 2705 598 2764 illa
623 2719 774 2761 sermones
799 2699 988 2760 habuerint?
1011 2702 1047 2759 Et
1065 2717 1102 2760 an
1119 2702 1152 2762 iu

143 2788 229 2849 sestis
241 2789 471 2851 laboraverint?
490 2793 520 2850 l.
546 2790 592 2849 dn
612 2784 783 2865 parentibus
797 2784 910 2844 luerint
931 2783 1153 2856 inobedientes,

145 2880 200 2932 aut
215 2873 438 2935 irreverentiam
457 2874 654 2954 irrogaverint
676 2889 726 2933 eos
744 2870 971 2942 subsannando,
998 2888 1102 2930 mantis
1121 2870 1153 2929 ln

145 2975 198 3020 eos
219 2960 385 3020 extollendo
398 3005 406 3031 ‚
421 2962 467 3020 vel
484 2960 614 3019 eonvieia
634 2966 686 3017 aut
707 2959 932 3037 imprecationes
957 2974 1055 3018 eoram
1083 2954 1154 3034 ipsis

143 3042 336 3123 proferendo.
353 3047 390 3103 Et
405 3042 455 3111 hle
471 3044 684 3103 advertendum
697 3044 777 3120 quod
796 3044 907 3103 dietum
928 3052 972 3102 est
990 3061 1023 3101 n.
1047 3042 1095 3100 dd.
1117 3038 1155 3098 de

144 3126 236 3187 modo
258 3128 432 3207 imponendi
459 3129 558 3207 pueris
575 3128 748 3207 petitionem
767 3126 893 3187 veniaed
915 3124 1098 3204 parentibus.
1122 3125 1153 3183 o.

144 3211 193 3271 An
207 3212 328 3290 aliquod
345 3221 432 3292 turpe
449 3222 598 3290 peecatum
619 3212 826 3289 patraverint?
839 3210 896 3270 Sed
909 3211 940 3268 in
961 3209 1014 3267 bae
1033 3207 1155 3266 materia

143 3297 340 3357 confessarius
352 3299 391 3357 sit
402 3298 487 3357 valde
503 3306 604 3356 cautus
622 3297 654 3357 in
675 3297 906 3375 interrogando:
923 3295 1044 3373 incipiat
1062 3294 1155 3353 inter-

143 3397 250 3459 rogare
267 3382 305 3440 de
317 3383 405 3461 longo
418 3426 426 3454 ,
441 3392 471 3443 et
493 3382 589 3440 verbis
603 3381 809 3459 garreralibus:
829 3390 858 3441 et
872 3377 954 3458 priris
976 3397 1014 3438 an
1026 3378 1155 3438 dixerint

143 3465 222 3523 mala
241 3466 355 3525 verba?
367 3484 405 3526 an
422 3466 511 3544 jocati
530 3466 640 3525 luerint
654 3483 721 3524 eum
743 3465 807 3523 aliis
829 3465 946 3544 pueris,
966 3471 1016 3522 aut
1028 3463 1154 3541 puellis?

143 3546 183 3606 tu
204 3549 228 3608 si
249 3554 334 3623 loeas
355 3550 422 3611 illos
442 3552 521 3611 elam
547 3550 758 3610 exercuerint?
778 3549 892 3610 Deinde
912 3549 1093 3625 interroget,
1115 3564 1154 3607 an

143 3635 350 3697 eamruiserint
375 3653 424 3698 res
448 3638 578 3714 turpes?
593 3635 759 3713 multoties,
779 3636 892 3697 etiamsi
917 3632 1001 3779 pu7eri
1024 3640 1153 3710 negent,
