2642 4167
56 207 71 234 ⁸
151 190 212 257 996
392 193 528 254 Examen
542 191 787 257 ordinandorum.
804 196 877 276 Cap.
892 194 922 255 ὅ.

151 295 209 373 qud
222 292 387 352 ordinatur.
401 292 552 355 Tenentur
564 296 602 354 11.
615 293 755 372 Religiosi
766 295 886 373 professi
895 291 1050 371 utriusque
1061 297 1156 359 senis.

153 381 215 439 lloc
234 375 360 436 habetur
378 394 415 438 ex
438 379 557 455 antiqua
572 378 789 444 ,consuetudine
804 378 951 458 obligante
969 378 1025 439 sub
1047 382 1156 460 gravi,

152 471 187 525 ut
205 468 286 521 tenet
303 462 469 523 communis
480 464 624 523 sententia
630 471 739 522 contra
752 463 874 540 aliquos.
887 464 946 523 Nec
955 464 1033 524 valet
1044 465 1157 536 dicere,

152 545 233 625 qndd
256 563 317 605 non
335 553 466 618 constet,
488 565 526 606 an
543 546 723 607 consuetudo
741 547 882 607 recitandi
897 546 1027 609 officium
1050 550 1088 609 sit
1107 551 1159 628 in·

151 630 285 693 troducto
298 629 315 689 ir
326 630 477 709 Religiosis
486 632 585 691 animo
595 649 625 691 se
635 631 764 709 graviter
774 630 939 709 obligandi3
952 649 1021 692 nam
1034 649 1158 711 respon·
1172 650 1175 658 ·

151 715 240 776 detur
255 713 335 793 qudd
345 713 412 774 cum
426 715 475 774 illu
487 725 671 786 constanter,
683 724 713 774 et
724 716 834 775 tamdiu
845 733 913 775 cum
926 734 1031 793 magno
1044 717 1158 777 incom-

153 800 242 861 modo
258 799 294 858 ab
310 799 448 859 omnibns
464 800 606 877 religiosis
617 800 769 860 observata
785 799 895 872 fucrit,
910 801 1099 877 presumptio
1112 809 1158 860 est

152 903 207 965 pro
217 891 299 962 parte
307 882 494 958 affirmativo3
502 900 619 961 proquo
629 891 728 943 antem
740 890 822 961 porte
829 891 883 942 stat
891 884 1092 961 presumptio,
1101 902 1157 962 pro

153 988 185 1029 ea
197 979 254 1029 stat
262 970 349 1030 ctiam
360 968 517 1047 possessio,
526 968 626 1045 regula
637 967 780 1045 generalis
793 974 838 1026 est
850 964 938 1045 (Vide
948 964 970 1026 l.
979 970 1048 1027 to.
1061 968 1155 1047 169.)

152 1055 258 1116 Nullus
273 1063 371 1113 autem
386 1052 556 1130 religiosus,
574 1061 626 1112 aut
645 1051 780 1111 monialis
800 1052 831 1110 in
851 1051 1020 1129 particulari
1037 1060 1157 1111 tenetur

150 1138 206 1199 sub
219 1139 300 1218 gravi
318 1135 405 1196 horas
416 1135 513 1195 dicere
522 1135 553 1195 in
564 1134 673 1208 choro,
691 1143 725 1195 ut
742 1136 938 1194 communiter
951 1134 1054 1195 dicunt
1064 1137 1156 1197 Suor.

151 1220 245 1283 Soloi.
261 1223 347 1283 Cooc.
362 1227 428 1292 etc„
445 1217 534 1281 modd
554 1217 663 1281 chorus
686 1237 745 1279 non
765 1219 902 1292 tollatur,
913 1219 950 1279 ad
963 1238 1051 1298 quem
1062 1223 1158 1298 requi·

152 1316 262 1367 runtur
277 1307 380 1365 saltem
399 1315 526 1383 quatuor
539 1305 680 1382 expediti.
692 1303 736 1363 dd
749 1303 877 1363 officium
890 1304 961 1365 vero
979 1323 1039 1365 nou
1053 1314 1157 1379 tenen·

153 1399 203 1449 tur
215 1390 343 1469 religiosi
363 1387 446 1466 ejecti
456 1409 465 1464 3
476 1387 526 1447 sed
538 1397 678 1448 tenentur
689 1387 806 1466 profugi
820 1386 910 1465 (loto.
922 1387 1002 1451 pot.
1019 1392 1046 1447 l.
1059 1398 1087 1449 et
1098 1390 1156 1467 9.).

153 1476 305 1535 Tenentur
316 1475 369 1534 lll.
383 1472 568 1541 Beneficinti,
584 1471 654 1532 aliis
672 1473 786 1532 fructus
808 1491 910 1531 omnes
924 1473 1057 1532 beneficii
1070 1476 1157 1533 resti·

153 1569 237 1620 tuero
247 1559 372 1630 dcbeut,
386 1574 422 1616 cx
433 1557 537 1616 concil.
548 1557 681 1616 Lotcron.
696 1558 733 1616 V.
749 1562 816 1615 sect.
829 1557 857 1615 9.
869 1554 896 1635 §.
910 1556 1091 1634 statuimus,
1103 1556 1157 1617 ubi

154 1644 267 1704 dictum
284 1643 341 1703 luit
358 1662 368 1700 ι
393 1640 577 1715 statuimus,
595 1647 629 1699 ut
649 1635 772 1717 quilibet
789 1637 897 1700 lubeas
923 1638 1106 1718 beneficium,
1128 1639 1161 1702 εἰ
1198 1673 1209 1683 ·

151 1737 219 1809 post
229 1746 280 1789 seo
291 1743 401 1787 metues
410 1771 418 1798 ,
428 1725 541 1787 obtento
551 1722 701 1803 wreeficio,
715 1719 842 1803 officium
858 1721 992 1784 diuinum
1001 1744 1060 1785 ιιοιι
1074 1724 1160 1786 dice·

153 1814 212 1883 rit,
225 1811 341 1892 fluctus
354 1829 414 1871 ιιοιι
433 1808 529 1889 faciut
554 1826 622 1871 suos
635 1827 692 1888 pro
711 1814 780 1867 rota
798 1807 988 1869 recitationis.
1003 1811 1076 1869 Etsi
1090 1812 1159 1873 tulis

153 1903 220 1973 'post
234 1897 425 1956 monitionem
434 1892 536 1952 ‘adhuc
552 1895 649 1971 pergit
667 1894 822 1961 omittere,
843 1902 938 1968 potest
957 1894 1046 1953 etiam
1066 1894 1160 1955 bene·

151 1978 220 2039 ficio
244 1979 366 2058 privari.
392 1977 504 2037 Deinde
522 1985 638 2035 sanctus
654 1977 731 2038 Pius
751 1978 787 2036 V.
803 1978 834 2035 in
856 1977 978 2038 Corestit.
1002 1980 1069 2039 186.
1089 1998 1160 2056 ques

151 2064 274 2142 incipit,
287 2065 337 2123 Ec
349 2062 487 2144 pruciaco
499 2061 709 2132 Luterooeosi‚
725 2062 872 2133 docrevit,
893 2062 972 2140 qudd
992 2064 1042 2142 qui
1064 2064 1160 2124 rolin·
1256 2137 1259 2141 ι

153 2149 427 2227 quit'lllatutinum‚
442 2148 578 2207 restituat
594 2146 747 2205 dimidiam
762 2156 873 2223 partem
884 2148 1036 2208 fructuum
1049 2167 1160 2209 corres-

152 2232 347 2311 pondentium
366 2231 410 2290 illi
425 2229 483 2291 diei
498 2251 506 2288 ι
523 2231 574 2309 qui
600 2240 718 2290 caeteras
739 2230 846 2301 horas,
869 2231 957 2291 aliam
979 2231 1159 2314 dimidinm3

152 2319 205 2396 qui
227 2314 297 2378 verd
309 2333 399 2376 unam
411 2312 527 2376 tantirm
544 2333 580 2375 cx
598 2316 711 2394 parvis,
734 2325 844 2376 sextam
861 2324 973 2392 partcru
988 2314 1075 2394 (Vide
1087 2314 1109 2379 l.
1123 2321 1158 2379 d.

153 2423 187 2466 u.
201 2402 294 2482 663).
305 2405 341 2463 lit
353 2402 432 2462 idem
444 2401 619 2472 dicendum,
630 2402 654 2461 si
672 2403 738 2479 quis
752 2420 805 2480 per
823 2402 921 2479 plures
934 2401 1012 2462 leves
1023 2404 1161 2465 omissio-

153 2508 207 2552 nes
226 2493 304 2551 intcr
317 2488 447 2549 officium
466 2486 524 2546 diei
542 2488 577 2546 ad
598 2505 717 2563 panem
741 2486 895 2545 materiam
913 2488 1053 2564 pertingit
1073 2486 1106 2566 (t.
1129 2508 1158 2551 c.

42 2622 47 2634 .
102 2647 103 2652 η
152 2595 186 2637 ιι.
198 2575 291 2652 668.)
309 2572 365 2647 Qui
379 2581 477 2632 autem
488 2569 577 2631 hodie
594 2570 731 2648 supplere
743 2570 831 2629 vellet
849 2568 978 2629 officium
992 2568 1056 2630 heri
1067 2572 1161 2633 omis·

153 2678 239 2733 sum,
257 2655 380 2718 minime
394 2657 536 2716 liberatur
548 2655 564 2714 i
576 2653 762 2715 restitutione
782 2651 815 2732 (i.
831 2673 856 2713 c.
871 2672 902 2712 ιι.
924 2656 1004 2731 667.)
1016 2700 1023 2719 ,
1037 2652 1163 2735 haecque

153 2744 301 2805 restitutio
314 2741 438 2801 debetur
451 2749 518 2800 ante
530 2757 649 2800 omnem
662 2741 850 2807 sententiani,
864 2739 931 2815 quia
942 2739 1070 2800 conditio
1081 2742 1163 2802 rcci-

154 2828 273 2889 tationis
298 2835 342 2886 est
365 2823 497 2896 obsolute
517 2824 676 2882 necessaria
698 2822 734 2881 od
755 2821 910 2882 lucrandos
932 2823 1065 2896 fructus,
1087 2823 1162 2887 cum

154 2914 217 2973 sine
227 2916 288 2985 ipso
302 2916 427 2986 nequeat
445 2906 649 2967 beneficiarius
664 2906 758 2966 locere
773 2906 885 2967 fructus
905 2924 989 2974 suos,
1005 2917 1039 2968 ut
1052 2908 1162 2986 proeiu·

38 3056 41 3062 ,
154 3005 218 3056 tum
227 2995 383 3056 concilium
392 2993 514 3052 sancivit
523 2988 557 3071 (i.
570 3008 597 3050 o.
610 3010 642 3051 ιι.
655 2991 723 3051 666.
734 2997 762 3051 et
775 2986 796 3049 l.
808 2991 837 3049 il.
849 3008 880 3050 ιι.
890 2991 958 3050 tlt.
971 2990 1029 3063 Qu.
1040 2992 1067 3051 1.
1075 3009 1158 3055 vers.

153 3078 461 3225 &iiim-efficacitatis
483 3149 583 3219 autern
602 3165 676 3219 tunc
700 3155 831 3218 socienda
849 3167 893 3217 est
913 3156 961 3216 vel
980 3157 1165 3236 pauperibus

155 3248 272 3327 (sufficit
291 3244 500 3323 cujuscumque
516 3243 585 3319 loci)
597 3244 645 3303 vcl
666 3242 782 3302 inbrioae
809 3240 965 3311 Ecclesia,
982 3240 1029 3300 vel
1052 3242 1163 3311 domui

154 3331 308 3403 beneficii,
321 3330 368 3388 vel
386 3329 418 3389 in
439 3336 630 3404 augmentum
652 3345 792 3405 agrorum
814 3326 914 3403 ipsius.
941 3327 1041 3386 Potest
1066 3328 1164 3394 etiam

154 3414 219 3473 lieri
239 3415 271 3473 in
289 3413 478 3473 relectionem
493 3412 614 3471 alterius
637 3400 797 3489 indigentis
817 3409 967 3478 Ecclesia,
989 3411 1012 3468 si
1038 3409 1165 3488 proprio

156 3511 216 3552 non
228 3505 309 3573 eget,
321 3494 369 3552 vel
388 3497 413 3554 si
434 3494 541 3554 fabrica
561 3495 666 3555 alienae
678 3494 811 3553 Ecclosiae
835 3491 1014 3552 redundaret
1026 3494 1057 3552 in
1075 3494 1166 3555 utili·

81 3647 83 3649 η
156 3578 246 3633 tutem
259 3593 433 3653 pauperum.
449 3578 546 3639 Potest
565 3580 654 3639 etiam
678 3577 818 3658 agiplirari
831 3577 863 3639 in
887 3577 980 3641 missis
994 3593 1048 3656 pro
1058 3571 1167 3645 delun·
