2642 4167
298 302 308 316 ἡ
343 238 420 318 §.tt
434 238 480 300 De
495 235 975 320 orationecoarternplotiean's,eto.
1094 245 1151 304 ill

140 346 233 407 debet
260 341 421 408 humilior,
446 349 476 400 ει
496 340 534 400 ab
559 341 695 400 omnibus
717 341 866 411 alienata,
893 339 979 401 unire
1001 339 1150 421 diligendo

139 446 290 501 matrem,
313 432 343 484 et
362 423 490 495 virendo
515 426 546 485 in
571 433 667 485 toturn
693 424 801 485 divinis
821 424 1062 502 dispositionibus
1082 428 1149 486 uni·

137 519 269 578 formata
285 556 294 584 ‚
311 529 380 571 oum
409 511 524 569 assiduo
554 511 663 591 timore
692 528 731 570 ne
763 529 824 571 suoe
850 510 1037 571 infidelitates
1055 530 1091 572 ex
1113 531 1149 573 eo

135 613 280 678 tempore
299 593 440 678 acerbius
449 595 606 672 puniendae
619 597 679 655 sint
693 640 700 665 ,
716 595 755 655 ob
775 593 917 672 majorem
939 598 995 673 qud
1013 599 1149 658 commit·

135 695 244 745 tantur
261 679 515 757 ingratitudinem.
526 679 626 757 lnquit
642 681 684 739 S:
699 677 836 739 Therasia
852 677 965 756 (Mans.
987 680 1022 741 t'.
1040 688 1069 740 et
1082 682 1149 758 VI.)

135 773 193 831 sibi
209 768 343 846 rognitas
355 765 455 842 plures
467 764 597 831 animas,
612 761 873 842 quoe,ri1mantea
893 764 929 823 ad
941 762 1021 825 hune
1040 775 1149 826 statum

136 854 264 914 unionis
280 848 496 927 ascendissent,
523 854 621 929 postea
640 848 672 906 in
694 857 809 929 peccata
826 848 960 908 mortalia
987 850 1150 930 precipites

133 937 321 999 reciderunt.

174 1022 248 1083 ¹57.
263 1021 335 1078 Tres
359 1017 470 1076 dantur
486 1016 596 1094 speeies
614 1016 749 1085 unionis,
769 1025 799 1075 ει
810 1025 898 1076 sunt:
913 1018 985 1077 uuio
1000 1014 1147 1097 simplex.

136 1107 215 1167 unio
244 1100 498 1181 desponsationis,
524 1109 555 1160 et
586 1101 659 1159 unio
687 1109 913 1173 consummate,
936 1120 1003 1180 qua
1027 1113 1149 1163 vocatur

136 1193 216 1251 unio
236 1184 426 1247 matrimonii
445 1180 624 1264 spiritualia.
642 1184 718 1245 linio
739 1185 862 1263 simplex
883 1194 927 1246 eat
943 1186 1016 1257 illa,
1034 1186 1072 1247 de
1090 1205 1148 1265 qua

138 1292 235 1354 nsque
249 1269 345 1330 adlrue
365 1269 456 1329 loeuti
482 1286 594 1328 sumus.
618 1268 782 1329 Dicendum
809 1287 889 1329 nune
912 1279 957 1329 est
979 1269 1017 1330 de
1039 1271 1149 1330 unione

136 1353 388 1439 desponsationis.
421 1354 502 1413 llano
534 1353 677 1413 unionem
704 1354 778 1413 solet
810 1352 960 1414 ordinarie
984 1355 1149 1432 praeoedere

136 1441 262 1502 ariditas
289 1438 514 1507 substantialis,
541 1454 608 1515 quoe
633 1446 677 1495 est
701 1437 836 1515 purgatio
857 1437 1000 1515 spiritus,
1024 1437 1062 1496 de
1091 1456 1148 1515 qua

133 1526 200 1603 jam
220 1520 309 1600 supra
322 1522 412 1581 loeuti
425 1534 526 1579 sumus
540 1539 572 1580 n.
590 1522 657 1580 tue.
679 1523 712 1580 ln
735 1519 790 1581 bae
809 1519 880 1581 verb
894 1521 1003 1580 unione
1023 1520 1150 1598 despon-

134 1608 262 1669 sationis
277 1616 337 1665 tres
349 1614 418 1664 sunt
431 1605 479 1664 alii
490 1602 597 1682 gradus
607 1605 716 1665 diversi
726 1649 735 1676 ‚
745 1606 855 1664 scilieet
865 1602 1009 1677 Eotoeie,
1020 1606 1148 1681 Raptae,

135 1701 165 1754 et
176 1688 364 1753 Eleentiortie
379 1687 514 1769 spiritis.
532 1690 567 1749 lu
588 1689 714 1767 simpliei
732 1690 844 1748 unione
863 1684 1084 1764 suspenduntur
1096 1705 1150 1765 po·

137 1775 268 1845 tentiae,
288 1773 423 1833 sednon
441 1790 542 1832 sensus
566 1773 725 1850 corporei,
755 1771 897 1849 quamvis
919 1771 949 1829 tn
980 1780 1150 1831 remaneant

137 1859 228 1918 valde
248 1857 360 1918 infirmi
384 1856 421 1916 ad
441 1857 683 1934 operandum-ln
704 1858 815 1916 unione
828 1864 926 1915 autem
948 1855 1051 1915 extasis
1063 1858 1151 1917 amit·

136 1946 215 2006 titur
229 1958 351 2020 quoque
367 1957 438 2000 usus
457 1959 596 2001 sensuum
608 1985 617 2013 ,
631 1942 672 2000 ita
689 1949 723 2001 ut
736 1958 859 2020 persona
873 1958 933 2001 non
955 1940 1053 2001 videat
1065 1983 1074 2013 ‚
1088 1958 1148 2002 noa

139 2028 266 2097 audiat,
288 2035 318 2085 ει
345 2042 405 2085 non
428 2026 570 2103 pereipiat
590 2043 687 2104 neque
712 2027 888 2097 incisiones,
907 2043 1003 2105 neque
1019 2025 1149 2087 adustio·
1188 2082 1193 2091 .

21 2114 27 2125 '
139 2129 205 2172 nes.
230 2113 342 2188 Raptus
363 2108 436 2170 verb
460 2108 535 2169 nihil
549 2110 642 2169 alind
663 2118 708 2169 est
726 2108 815 2188 quam
838 2111 991 2189 impressio
1013 2111 1148 2188 quedam

139 2195 244 2274 gratiae
273 2193 421 2260 validiora
442 2195 501 2271 qud
523 2195 668 2254 Dominus
692 2212 752 2253 non
777 2193 874 2255 saltim
900 2196 996 2256 elevat
1019 2197 1150 2258 animam

141 2279 179 2339 ad
194 2279 336 2338 unionem
350 2321 358 2350 ,
371 2276 422 2335 sed
442 2278 530 2336 etiam
548 2279 626 2355 rapit
646 2280 727 2338 illam
742 2289 825 2339 motu
836 2280 962 2357 quodam
974 2278 1146 2354 subitaneo,

141 2373 171 2423 ot
194 2362 351 2432 violento,
372 2361 413 2420 ita
443 2362 659 2439 utaliquando
691 2365 824 2424 elevetur
849 2364 939 2424 etiam
965 2381 1091 2441 eorpus,
1119 2372 1151 2423 et

140 2447 283 2508 reddatur
296 2446 360 2504 lore
372 2445 410 2503 ad
429 2443 522 2504 instar
536 2446 654 2523 plumae.
672 2445 807 2508 Eleootio
818 2446 943 2527 spiritis
959 2456 1020 2518 est,
1031 2444 1150 2524 quando

142 2532 240 2591 anima
256 2532 345 2589 sentit
357 2549 388 2589 se
400 2531 464 2609 rapi
482 2532 564 2608 quasi
579 2540 661 2591 extra
677 2551 728 2604 se,
753 2542 783 2592 et
803 2533 904 2591 extolli
920 2549 1008 2610 supra
1026 2531 1149 2608 seipsam

142 2633 209 2675 eum
231 2632 337 2692 magna
356 2613 481 2690 quadarn
505 2615 667 2689 violentia,
695 2615 774 2675 unde
796 2615 893 2672 anima
917 2613 954 2670 ab
977 2612 1065 2671 initio
1088 2629 1150 2672 ma·

142 2718 236 2778 gnum
256 2698 407 2776 experitur
425 2698 575 2759 timorem.
600 2701 634 2757 ln
653 2699 818 2757 elevatione
844 2695 966 2773 spiritds
984 2696 1151 2755 continetur

142 2795 202 2843 tam
215 2783 324 2856 extasis
336 2825 344 2853 ‚
358 2783 427 2859 quia
445 2782 606 2843 intervenit
618 2780 735 2840 amissio
748 2795 908 2850 sensuum4
923 2775 1013 2856 quim
1027 2788 1149 2856 raptus,
1164 2781 1166 2785 '

143 2868 173 2928 id
194 2875 240 2928 est
255 2875 356 2926 motus
373 2866 532 2925 violentus.
552 2866 663 2926 lietulit
676 2862 750 2924 mihi
772 2880 896 2942 persona
916 2861 1050 2940 quedam
1068 2862 1151 2922 simi·

142 2951 222 3012 libus
236 2949 339 3029 gratiis
350 2948 368 3008 b
380 2950 442 3009 Deo
460 2950 567 3010 donata
578 2993 586 3020 ‚
598 2949 679 3029 qubd
699 2950 731 3010 iu
746 2948 855 3010 atibus
867 2945 1078 3009 elevationibus
1090 2944 1151 3023 spi·

143 3034 218 3095 ritirs
249 3032 403 3092 videretur
424 3031 480 3092 sibi
506 3041 647 3111 tanquam
677 3034 703 3094 si
731 3035 830 3094 anima
851 3031 869 3093 d
893 3046 1016 3110 corpore
1050 3030 1152 3090 tuimet

143 3120 241 3178 avulsa
249 3161 259 3194 ,
282 3126 313 3176 et
327 3117 437 3177 elevata
451 3134 519 3177 eum
540 3126 621 3178 tanta
637 3119 791 3180 velocitate
803 3135 837 3177 ao
849 3117 873 3177 si
889 3116 1045 3177 conficeret
1057 3114 1152 3174 decies
1252 3139 1260 3147 ·

144 3211 266 3264 centena
288 3200 381 3260 millia
398 3201 535 3261 milliaria
549 3202 595 3263 tn
613 3205 718 3280 quovis
736 3202 876 3281 temporis
895 3207 1070 3272 momento,
1090 3217 1151 3259 uon

144 3286 207 3344 sine
236 3302 346 3362 magno
367 3293 500 3358 terrore,
526 3288 666 3365 quoniam
696 3287 850 3366 ignorabat
871 3283 931 3362 qud
956 3292 1032 3343 osset
1051 3301 1152 3345 aseen-

144 3386 242 3446 eura5
260 3367 313 3429 sed
340 3366 410 3430 otim
441 3378 539 3448 postea
562 3370 761 3443 subsedisset,
786 3378 857 3430 tune
886 3368 1089 3429 illustrabatur
1114 3370 1152 3431 ad

145 3452 382 3529 cognoscendum
401 3452 520 3531 aliquod
531 3453 666 3516 divinum
683 3471 833 3514 areanum.
850 3451 907 3512 Sed
921 3449 970 3512 bio
988 3453 1084 3515 oritur
1095 3453 1151 3515 dua

147 3533 252 3612 bium3
280 3536 312 3599 Si
328 3534 431 3598 iubae
458 3539 569 3601 unione
592 3539 814 3621 suspenduntur
834 3538 989 3616 potentiae,
1009 3547 1039 3597 et
1064 3539 1151 3600 intel·

147 3617 238 3683 lectus
252 3618 459 3687 obscurant
479 3621 553 3689 turn
572 3622 678 3704 abysso
699 3622 803 3703 nequit
814 3623 966 3688 attendere
978 3622 1067 3689 rebus
1078 3642 1151 3704 quas
