2642 4167
157 195 197 256 5⁶
437 193 549 257 Praete
561 190 745 275 confessarii.
761 194 835 274 Cep.
848 197 879 256 f.

158 293 204 355 illi
227 292 402 357 acciderent.
421 293 516 355 Aliter
537 303 657 366 autem,
683 302 718 354 ut
735 293 840 356 dicunt
861 294 1053 374 probabiliter
1075 299 1164 361 molti

156 378 221 439 Di).
247 376 281 457 (l.
310 381 340 439 2.
356 398 390 439 υ.
409 379 458 444 dt).
480 396 509 439 v.
534 379 633 453 Quoer.
650 375 709 455 5.),
729 379 753 438 si
778 380 924 457 optaverit
941 382 1016 441 mala
1037 382 1086 444 illa
1107 384 1164 445 snb

157 478 218 521 uno
240 480 348 541 genere
373 463 466 533 mali,
491 480 599 540 nempe
621 471 655 521 ut
680 462 775 522 media
796 462 833 522 ad
862 465 981 524 ruinam
1002 468 1163 544 appetitam

156 543 287 606 inimico.
302 548 338 606 lit
357 543 405 606 hic
417 556 461 605 est
486 547 617 607 confusio
635 547 898 620 confessariorum,
918 549 950 608 in
971 550 1164 612 discernendo

156 648 194 690 an
213 630 456 707 imprecationes,
477 649 544 707 quac
563 629 689 689 rudibus
705 648 766 689 esse
785 631 880 691 solent
904 635 1037 708 usuales,
1054 636 1165 695 fuerint

156 722 272 791 peccata
288 714 423 773 mortalia
440 756 449 784 ,
471 732 508 773 on
527 714 664 773 venialia.
684 716 717 773 ln
732 714 787 774 ltoc
800 723 917 793 oportet
937 717 1164 796 interrogarem

157 798 262 876 primis
290 799 564 875 penitenteman
584 799 615 856 in
630 798 682 857 illo
701 807 766 859 actu
785 799 961 860 desideravit
979 802 1163 874 deliberate,

156 888 191 941 ut
209 881 267 941 illae
290 882 501 957 succederent3
524 881 575 941 sed
597 880 653 941 hoc
673 901 734 942 non
758 881 865 942 sufficit
886 881 923 941 ad
949 895 1063 944 eertum
1080 886 1164 962 judi-

157 963 236 1025 cium
258 965 443 1036 facienoum,
458 984 514 1042 qua
537 965 619 1024 dere
637 984 712 1043 opus
731 974 795 1036 ert,
814 973 849 1024 υι
861 975 959 1042 postea
978 968 1161 1047 interroget,

156 1048 182 1107 si
208 1050 384 1127 imprecatus
401 1050 490 1110 fucrit
510 1049 541 1109 in
560 1058 735 1116 extraneos,
757 1068 795 1108 an
817 1051 848 1108 in
866 1051 1067 1129 propinquos,
1092 1056 1164 1131 quia

157 1132 188 1192 in
214 1132 268 1192 hos
289 1131 449 1211 (praecipue
472 1134 504 1194 in
535 1133 634 1204 lilios,
662 1131 824 1211 conjuges,
847 1142 899 1192 aut
924 1136 1165 1213 parentes).rar‹'r
1277 1148 1280 1152 ’

157 1216 274 1276 acincus
289 1235 396 1294 pravus
412 1215 503 1276 adest.
520 1214 671 1276 Postremi)
689 1225 805 1295 oportet
818 1217 998 1294 interrogare
1011 1220 1162 1297 decanea,

157 1312 210 1360 cur
234 1318 281 1359 eas
302 1301 524 1377 imprecationes
537 1296 798 1376 protulerit3dirm
819 1301 843 1359 si
868 1319 953 1360 causa
971 1304 1087 1380 gravis,
1112 1314 1166 1367 θυι

156 1387 273 1446 fervens
289 1385 333 1443 ira
353 1384 588 1454 intercesserint,
610 1384 694 1443 facile
713 1392 758 1443 cst
773 1385 946 1444 tuncctiam
966 1404 1090 1462 pravum
1112 1389 1165 1449 dc-

157 1471 301 1530 siderium
322 1469 500 1528 interfuisse.
518 1464 664 1528 Caeterum
679 1486 740 1527 non
759 1468 868 1528 suffieit
881 1469 1036 1546 poeuitenti
1058 1471 1095 1531 ad
1112 1491 1165 1532 ex-

157 1552 297 1615 cusandas
312 1550 554 1629 imprecationes,
569 1551 668 1611 dicere
682 1549 762 1629 qudd
783 1550 899 1613 tantum
918 1553 950 1612 iu
965 1554 1016 1613 illa
1026 1566 1095 1616 actu
1108 1600 1117 1628 ,
1130 1566 1167 1617 ut

157 1637 328 1707 evenerint,
351 1636 510 1712 cupiebat3
531 1635 600 1713 quia
624 1634 681 1695 hoc
699 1634 761 1712 jam
785 1636 892 1696 sufficit
910 1646 943 1697 ut
962 1637 993 1697 in
1019 1638 1072 1699 illo
1095 1650 1165 1700 actu

156 1722 309 1782 commissa
327 1720 365 1780 sit
387 1721 472 1797 eulpa
492 1720 610 1797 gravis,
623 1720 704 1779 unde
722 1719 912 1779 confessarius
924 1729 996 1781 tuae
1012 1725 1167 1800 perquirat

156 1806 194 1867 de
217 1821 362 1872 numero,
382 1813 412 1864 et
432 1802 545 1880 judicet
562 1803 600 1863 de
619 1805 663 1863 cis
684 1804 787 1863 saltem
808 1812 843 1863 υι
865 1822 963 1865 coram
986 1807 1049 1866 Deo
1066 1816 1162 1867 sunt:
1207 1877 1215 1882 ,

156 1900 187 1951 et
201 1906 290 1968 quem
302 1888 465 1948 recidivum
479 1889 511 1947 in
531 1906 566 1948 co
587 1889 661 1947 vitio
678 1889 841 1967 repererit,
862 1907 923 1950 non
943 1889 1094 1961 absolvat,
1107 1893 1166 1952 nisi

157 1973 241 2062 priris
251 1974 410 2050 resipuerit
421 2017 429 2044 ‚
440 1981 491 2032 aut
503 1973 768 2033 extraordinarium
782 1972 893 2032 doloris
906 1973 1022 2050 signum
1036 1975 1164 2036 dederit.

196 2059 245 2119 5⁷.
272 2059 437 2142 interroget
459 2059 489 2117 2.
507 2057 537 2116 Si
554 2057 586 2116 in
609 2061 779 2135 proximum
802 2055 935 2117 intulerit
956 2057 1079 2134 injurias
1096 2077 1165 2137 gra-

156 2162 208 2206 ves
226 2151 256 2202 et
284 2160 321 2201 an
340 2157 439 2201 coram
466 2140 554 2217 aliis3
575 2143 645 2218 quia
676 2150 748 2201 tunc
774 2148 892 2200 tenetur
914 2158 1012 2200 coram
1034 2144 1167 2219 ipsismet

157 2231 312 2291 restituere
334 2226 377 2286 illi
396 2226 540 2310 honorem
561 2227 709 2293 ablatum,
721 2227 839 2285 veniam
855 2225 892 2285 ab
906 2243 941 2285 eo
955 2227 1098 2305 petendo,
1114 2237 1168 2288 θυι

157 2315 222 2374 eliis
234 2313 412 2390 reverentiae
425 2311 535 2388 signis,
548 2308 711 2372 dummodo
722 2310 883 2387 prudenter
895 2328 954 2370 non
971 2321 1168 2388 presumatur

157 2398 275 2476 injuriis
295 2395 432 2476 affectum
445 2388 548 2455 'toturn
560 2396 708 2456 remisisse
719 2391 795 2472 (Lib.
811 2396 841 2453 l.
854 2414 886 2454 n.
899 2395 1003 2472 dett:
1022 2405 1073 2454 aut
1084 2394 1167 2474 quod

157 2485 194 2543 ab
215 2483 265 2541 illo
284 2480 400 2558 publica
421 2481 617 2540 satisfactione
630 2488 764 2550 recuset,
785 2496 822 2537 ne
845 2480 923 2556 apud
945 2496 977 2540 se
1001 2479 1113 2554 rubor,
1134 2488 1168 2540 et

156 2568 235 2646 apud
252 2566 325 2625 alios
340 2565 483 2624 anemoria
501 2563 618 2641 injurie
634 2569 759 2641 aeceptoe
770 2572 986 2622 renovarentur
1007 2584 1016 2621 ε
1034 2572 1086 2622 θυι
1108 2563 1168 2624 nisi

157 2654 331 2721 timeretur,
356 2666 395 2707 ne
417 2648 469 2707 iilo
491 2648 694 2708 satisfactionis
712 2654 779 2708 actu
802 2643 910 2706 itcrirm
928 2646 1030 2705 odium
1057 2648 1169 2707 excita·

157 2745 241 2796 retur
255 2730 288 2811 (l.
300 2751 325 2792 c.
341 2751 373 2792 n.
388 2732 480 2809 988.).
499 2734 528 2793 Si
544 2744 643 2794 autem
666 2730 773 2808 injuria
792 2731 849 2790 fuit
860 2738 987 2801 secreta,
1008 2732 1098 2791 etiam
1119 2748 1170 2791 se-

158 2819 236 2882 crete
260 2826 378 2879 tenetur
407 2820 524 2877 veniam
545 2819 715 2897 postulare,
740 2812 902 2874 secundum
926 2827 1027 2874 veram
1046 2822 1170 2875 senten-

158 2906 230 2967 tiam
242 2900 277 2981 tt.
297 2921 321 2961 c.
336 2920 371 2964 tt.
383 2903 475 2979 att).
487 2904 623 2961 Attamen
633 2900 846 2962 advertendum
859 2909 903 2959 est
916 2899 1170 2977 injurias,quibus

159 2987 339 3049 adinvicem
359 3004 390 3045 se
407 2995 532 3066 onerant
548 2986 654 3057 rudes,
668 2984 745 3066 ¹licit
768 2986 799 3043 in
816 3002 848 3043 sc
866 2994 962 3044 essent
978 3002 1099 3062 graves,
1119 2984 1171 3043 ni-

159 3069 321 3134 hilominus
339 3089 401 3130 uon
423 3088 484 3129 esse
504 3088 620 3149 semper
638 3088 741 3150 paves
758 3072 837 3134 iuter
863 3068 951 3147 hujus
968 3070 1171 3149 generisper-

159 3175 244 3220 sones
259 3201 267 3228 ,
285 3165 319 3216 ut
339 3154 408 3216 edm
426 3173 458 3215 se
479 3156 628 3233 appellant
640 3157 789 3225 latronse,
803 3155 964 3226 veneficas,
978 3154 1145 3213 meretrices
1159 3173 1171 3229 ς

160 3244 228 3321 quia
248 3243 378 3319 ipsaemet
409 3259 470 3301 non
494 3242 581 3301 multi
598 3239 669 3301 ‚hace
684 3241 822 3312 faciunt,
850 3257 904 3299 uec
922 3240 974 3317 qui
994 3256 1042 3298 eas
1061 3237 1170 3310 audit,

159 3327 251 3387 iidem
273 3334 409 3403 praestat,
437 3326 538 3403 excipe
556 3327 581 3385 si
603 3325 795 3386 nominarent
823 3341 871 3383 res
898 3324 1112 3401 particulares,
1136 3333 1174 3385 ct

161 3410 327 3488 complices.
342 3412 507 3489 interroget
530 3410 626 3482 item,
644 3411 669 3469 si
690 3408 849 3471 discordias
864 3409 1032 3483 exalasset,
1058 3407 1172 3469 zizania

162 3488 397 3566 disseminando,
421 3502 452 3555 ct
468 3495 621 3557 referendo
637 3496 691 3556 uni
713 3513 779 3572 que
800 3494 837 3552 ab
858 3493 917 3553 alio
936 3492 1060 3552 audivit.

200 3579 248 3639 ⁵8.
272 3578 406 3656 Denique
428 3580 610 3660 interroget,
629 3580 653 3640 si
676 3579 745 3642 odio
764 3579 893 3658 aliquem
911 3576 1067 3649 habuerit,
1092 3581 1172 3639 etei
