2642 4167
408 231 461 322 *Es
476 278 547 341 aper
548 259 612 323 ilaus
623 259 775 322 Benedicti
781 259 871 324 XIV.
1084 263 1141 325 bii

138 361 201 504 gut
226 360 264 421 ad
290 359 435 421 orandum
456 358 683 430 tantummodo,
710 361 834 436 questio
863 365 908 419 cst
930 372 1036 437 anceps
1064 361 1141 421 inter

165 444 326 588 1101111110ιί
343 525 399 587 ab
390 545 522 605 angrnm
536 527 669 588 Ecclesiae
683 526 721 586 ob
731 527 990 605 transgressionem
1003 471 1139 606 praecepti

138 609 175 673 de
195 610 404 671 communione
424 609 571 688 paschali,
589 612 613 673 si
633 618 819 669 contumaces
836 627 866 669 sc
880 609 1082 687 praebuerint,
1102 610 1140 671 nb

136 694 277 772 Episcopo
290 695 591 754 excommunicatione
609 693 697 771 plecti
711 701 849 770 possunt,
865 700 900 753 ut
915 692 1140 754 canusinae

137 784 198 835 tur.
214 779 286 837 lnst.
301 777 411 837 Eccles.
423 778 471 836 bb.
489 795 521 836 n.
537 779 584 836 ll.

482 949 792 1011 inresoltttrls.

176 1122 270 1201 blojor
281 1125 519 1187 Poenitentiarius
533 1126 563 1184 in
585 1124 698 1184 casibus
714 1124 835 1185 occultis
849 1167 857 1197 ,
872 1134 902 1185 et
924 1144 980 1205 pro
993 1128 1057 1188 loro
1067 1144 1139 1188 con·

135 1211 265 1271 scientie
287 1209 401 1270 tantiam
432 1209 580 1287 dispensat
599 1210 630 1268 in
651 1209 868 1287 irregularitate
887 1228 924 1269 es
953 1228 1139 1289 quocumque

134 1291 259 1363 delicto,
272 1293 318 1352 vel
330 1292 443 1353 delectu
460 1293 652 1370 proveniente
666 1335 675 1364 ,
692 1300 754 1351 tam
772 1310 839 1351 cum
853 1293 954 1364 laicis,
969 1293 1056 1371 quim
1070 1312 1138 1355 cum

134 1376 353 1447 ecelesiasticis,
383 1376 431 1436 vel
462 1375 671 1447 saecularibus,
697 1376 745 1435 rel
768 1376 951 1453 regularibus
971 1376 1083 1437 adhoc
1105 1386 1139 1438 ut

133 1460 249 1537 possint
265 1459 375 1519 initiari
398 1458 575 1536 ordinibus,
599 1461 646 1519 vel
673 1460 705 1520 in
727 1461 867 1537 susceptis
889 1460 1082 1530 ministrare,
1102 1461 1138 1519 ed

132 1543 301 1620 superiores
318 1542 425 1620 graden
447 1544 623 1617 ascendere,
644 1544 863 1621 indignitates,
881 1545 969 1602 etiam
982 1542 1139 1602 Catlredra·

133 1623 191 1694 lis,
208 1634 239 1684 ct
250 1644 442 1703 quecumque
453 1626 593 1688 benefida
607 1627 795 1687 ecclesiastica
809 1625 1054 1704 quandocumque
1072 1635 1140 1685 ante

132 1707 364 1785 dispensationes
380 1711 512 1786 alioquin
534 1711 673 1771 canonici
692 1712 825 1770 obtentas
841 1710 987 1784 retinere3
1010 1726 1063 1768 nec
1079 1727 1138 1769 nou

133 1801 165 1850 ut
176 1790 347 1867 badusmodi
365 1793 505 1853 beneficio
519 1803 549 1854 et
566 1795 724 1871 dignitates
742 1792 881 1890 (exceptis
904 1792 1023 1867 quando
1042 1793 1139 1870 agitur

131 1872 170 1933 dc
185 1873 346 1936 bomicidlo
362 1878 547 1948 voluntario,
569 1879 614 1937 rel
629 1879 687 1936 olio
704 1877 876 1953 gravissimo
889 1892 1027 1946 excessu,
1041 1877 1139 1935 Eccle-

129 1957 184 2017 siis
200 1956 416 2021 cathedralibus
430 1969 460 2023 ct
473 1960 718 2037 metropolitanis)
732 1961 820 2020 etiam
834 1968 899 2037 post
911 1958 1051 2054 delictum
1062 1977 1139 2020 esse·

76 2038 85 2055 ⁸
131 2042 186 2118 qui
208 2042 334 2105 valcant.
349 2044 431 2102 Bnlla
444 2045 551 2104 Pastor
568 2043 672 2105 boans

174 2125 232 2184 Ubi
264 2126 411 2199 additur,
439 2127 470 2185 in
495 2126 762 2205 irregularitatibus
797 2129 893 2204 quoad
917 2129 1067 2207 regulares
1097 2129 1138 2188 ite

129 2206 298 2285 dispensari
314 2228 413 2287 posse,
427 2209 506 2269 ulad
520 2229 715 2290 quecumque
733 2210 829 2272 ollieia'
846 2220 877 2272 ct
894 2212 1033 2272 benaiam
1051 2230 1139 2290 regu·

127 2293 208 2353 laria
227 2295 381 2354 oscendere
398 2295 532 2364 valcant,
550 2305 671 2375 excepto
692 2307 791 2357 tamen
804 2297 925 2356 Ordinis
936 2293 1135 2365 (1000101010
1212 2362 1222 2379 Ι

126 2377 163 2437 1η
188 2375 402 2454 irregularitate
424 2397 460 2438 cx
482 2379 595 2439 deiectu
623 2381 775 2440 natalium
803 2379 1047 2458 11111151.Εο
1068 2378 1142 2440 verb

129 2459 315 2537 dispensatio
327 2462 499 2523 conceditur
514 2462 628 2522 tantbm
646 2464 677 2521 in
695 2464 758 2522 loro
769 2464 971 2533 conscientie,
984 2465 1013 2520 in
1027 2462 1138 2520 casibus

127 2544 279 2614 occultis,
302 2545 333 2604 in
353 2544 478 2624 publicis
499 2545 571 2606 vcro
595 2546 626 2604 in
652 2556 780 2622 utroque
801 2545 1018 2617 soro,.euditis
1040 2553 1138 2605 temen

127 2629 346 2706 superioribus.
366 2630 409 2691 lb
424 2628 450 2708 S.
470 2633 519 2690 52.
924 2656 927 2663 ·

171 2715 303 2773 Clericus
322 2714 437 2774 militiae
457 2732 565 2776 nornen
577 2715 650 2775 dans
666 2716 728 2792 ipso
741 2716 816 2773 iacto
830 2714 964 2791 privatur
980 2710 1137 2782 beneficio,

128 2804 162 2858 et
182 2798 345 2874 pensione,
364 2807 397 2857 ut
417 2816 452 2856 cx
471 2800 560 2859 decis.
580 2802 661 2858 Rotae
681 2803 827 2858 itomanoe.
849 2796 1090 2857 insterneret.
1105 2814 1136 2854 ιι.

128 2882 184 2942 18.
194 2878 297 2953 Quoad
311 2881 387 2939 hane
398 2880 645 2960 irregularitatem
655 2881 717 2941 lianc
729 2883 836 2958 accipe.
849 2879 996 2940 clericum
1009 2879 1041 2937 in
1052 2881 1139 2938 sacris

126 2964 328 3031 constitutum
350 2965 544 3039 militantem,
559 2976 589 3025 et
605 2985 686 3024 arma
710 2967 852 3025 serentem
871 2960 1073 3023 in'serritinm
1086 2964 1139 3022 eli·

127 3046 219 3123 eujus
237 3046 301 3105 laici
321 3047 481 3126 principis,
497 3050 521 3109 si
539 3050 774 3126 expeditionibus
787 3048 898 3109 bellicis
909 3045 1094 3114 interfuerit,
1107 3047 1138 3105 in

126 3132 245 3211 quibus
269 3130 447 3202 homicidia,
465 3134 563 3208 furta,
587 3133 866 3210 rapinae‚'inecndia
887 3141 984 3192 secuta
1008 3131 1138 3197 inerim,

125 3213 234 3277 multi)
246 3214 426 3293 probabilius
438 3226 482 3278 est
496 3218 631 3277 incidisse
644 3218 675 3276 in
688 3217 949 3295 irregularitatem,
961 3214 1030 3276 linit
1042 3233 1138 3274 mora-

123 3301 206 3361 liter
223 3309 320 3358 certus
340 3301 398 3374 sit,
418 3319 450 3361 se
469 3303 618 3361 neminem
639 3303 806 3374 irrutilasse,
819 3302 866 3360 101
878 3301 1033 3369 occidisse
1050 3309 1083 3358 ut
1104 3319 1137 3358 cr

124 3381 686 3465 1100080.10101001011911101110110
696 3383 1184 3461 eruiposscridetur.lb.n.l(l

171 3464 258 3524 ldcm
275 3465 351 3527 torae
368 3467 507 3529 affirmari
528 3476 623 3546 potest
642 3467 680 3525 de
694 3467 849 3527 clericam
867 3467 1031 3528 minoribus
1049 3466 1138 3525 bene·

126 3551 255 3622 beista,
268 3547 337 3610 eiam
347 3568 400 3625 ca,
414 3550 791 3628 quaererenturordinatis
783 3568 814 3609 ιιι
827 3551 933 3624 sacris,
945 3552 1037 3613 etiarn
1049 3549 1137 3610 bone·

124 3634 250 3701 ticiatcs
267 3635 387 3697 ctericus
404 3634 664 3717 comprehendent.
685 3634 729 3696 lb.
744 3652 782 3695 ιι.
793 3634 842 3695 15.
