2642 4167
39 5 497 43 --·--···-””

174 235 232 296 del
376 224 660 314 Epitotnedoctniue
671 207 990 290 morolisctcoaonicce

174 332 286 393 ιιιιιιιιιι
301 331 410 393 babent
432 332 599 392 facultatem
616 329 796 391 absolvendi.
813 329 894 388 Sicut
913 344 966 388 nee
984 327 1095 390 liabent
1108 330 1178 418 ιἰιιί,

172 421 224 498 qut
241 421 279 480 ab
292 418 451 478 ordinario
471 415 527 479 loci
541 419 630 476 semel
651 417 772 495 quidem
799 414 879 474 illam
905 412 1099 473 obtinuerunt
1111 437 1120 489 ς
1133 416 1183 475 sed

172 503 261 564 modd
284 503 416 563 cessavit.
441 503 485 561 lto
517 518 554 562 cx
579 502 717 578 pluribus
743 501 822 560 decr.
856 498 934 557 Saer.
963 499 1056 575 Cong.
1088 502 1182 559 Instit.

174 589 281 648 uoctss.
293 589 341 648 st.
357 605 388 647 ιι.
401 587 450 648 nt.
465 587 521 661 libi
542 595 641 645 tamen
660 603 790 646 exsensu
805 584 934 661 ejusdcm
942 585 1183 663 congregationis

172 671 309 743 additur,
325 670 427 730 tidcles
445 671 487 731 sie
503 671 579 731 bend
602 670 660 731 fido
680 670 716 729 ab
734 668 878 746 ejusmodi
902 668 1084 729 contessariis
1101 670 1183 729 abso·

173 750 252 816 latos
270 772 330 816 non
349 768 411 817 csse
427 755 642 834 inquietandos.
658 753 733 814 ibid.
745 773 777 814 n.
792 754 842 813 27.
1023 756 1029 767 “

617 933 747 993 JUDAEl.

216 1090 247 1154 Si
271 1091 389 1155 ludoeus
411 1092 583 1171 conjugatus
604 1092 642 1153 ιιι
665 1091 755 1152 iidem
768 1094 905 1167 venerit,
925 1097 1063 1179 uxorein
1081 1096 1183 1158 inlide-

175 1180 258 1240 litate
271 1187 475 1257 perseverante
487 1221 496 1249 ,
508 1195 568 1237 non
589 1186 683 1254 potest
700 1177 742 1237 illi
758 1177 893 1236 libellum
907 1179 1025 1256 repudii
1046 1183 1184 1255 mittere,

176 1264 265 1323 etlam
289 1272 370 1322 extra
394 1263 564 1323 ludaeorum
578 1261 787 1331 domicilium,
818 1270 848 1321 ct
872 1280 970 1322 eoram
988 1265 1126 1336 notario,
1145 1276 1186 1326 te·

174 1347 329 1426 stibusquc
350 1346 526 1407 christianis.
539 1345 689 1404 Sanctioni
707 1343 776 1404 hoto
792 1348 1050 1407 'contravenientes
1067 1350 1091 1407 si
1115 1347 1187 1411 torti

176 1432 334 1510 repudium
355 1430 533 1491 coniecerim
546 1431 622 1489 intra
636 1428 1022 1503 ludaeorumdomieilium,
1042 1442 1072 1492 ct
1085 1433 1187 1493 ritibus

179 1516 397 1593 superstitionis
420 1513 581 1583 adhibitis,
605 1510 757 1587 subjacent
785 1508 896 1572 eisdem
924 1515 1017 1592 poenis
1040 1535 1074 1575 ac
1091 1516 1188 1592 judai·

177 1608 296 1664 santes.
325 1599 494 1659 mitioribus
513 1607 611 1657 tannen
638 1596 806 1674 puniendus
830 1606 874 1657 cst
902 1601 952 1676 qui
976 1599 1006 1658 id
1036 1601 1188 1660 coniecerit

176 1693 260 1743 extra
288 1683 460 1743 ιιιιιιιιοιιιιιι
487 1680 681 1741 domicilium.
707 1682 876 1740 Puniuntur
903 1683 989 1759 poenal
1023 1685 1189 1760 pecuniarii

178 1767 286 1827 ιιοιιιιί
306 1766 460 1826 christiani
473 1810 482 1838 ‚
495 1767 535 1826 ita
560 1765 592 1825 ia
614 1765 823 1825 constitutione
832 1762 994 1844 Apostolici
1008 1767 1188 1839 ιιιίιιὶιιιιὶἰ,
1280 1808 1281 1819 .

177 1852 230 1910 tabi
247 1852 372 1911 edicitur
386 1851 500 1924 etiam,
522 1868 560 1909 ne
583 1867 658 1910 uxor
680 1847 805 1909 baebraee
823 1849 861 1907 ad
884 1850 974 1909 iidem
994 1870 1133 1913 conversa
1155 1852 1192 1911 ll·

180 1934 290 1994 bellum
304 1934 422 2012 repudii
437 1935 538 1994 mittat
555 1933 621 1994 viro
642 1933 674 1992 in
694 1933 839 2009 judaisme
856 1936 1063 2010 perseveranti.

219 2016 392 2078 Christianis
419 2018 544 2079 vetitum
564 2024 609 2077 est
622 2016 678 2076 sub
704 2018 1028 2093 excommunicatione,
1050 2040 1118 2080 ctam
1135 2023 1191 2083 lle-

179 2105 267 2165 braeis
282 2102 453 2165 cohabitare
465 2148 473 2176 ‚
487 2122 523 2164 cx
535 2122 598 2181 cap.
618 2103 647 2161 b.
662 2099 696 2162 cle
710 2100 835 2161 Judoea's.
849 2104 892 2160 De
908 2104 980 2181 Syn.
993 2103 1080 2164 dioec·
1093 2107 1145 2166 lib.
1161 2110 1189 2166 (i.
1280 2152 1281 2161 2

181 2207 245 2266 cap.
262 2190 292 2248 l.
312 2206 343 2247 n.
358 2191 389 2248 2.
411 2191 488 2249 sicut
510 2205 564 2247 nec
584 2187 702 2264 occepta
719 2186 854 2246 mercede
871 2187 1027 2247 servitium
1047 2189 1106 2263 illis
1124 2192 1192 2251 ussi·

180 2273 274 2332 duum
292 2274 473 2350 impendere.
488 2271 564 2331 lbid.

221 2357 334 2417 liebrui
349 2359 384 2416 ad
409 2357 496 2417 fidem
509 2355 641 2414 conversi
666 2354 727 2414 suis
751 2354 837 2417 bonis
859 2357 995 2434 privandi
1017 2376 1078 2417 non
1104 2369 1191 2429 sunt,
1280 2380 1281 2383 ¹

182 2441 269 2501 need
292 2444 495 2512 successione,
516 2448 545 2497 et
569 2449 727 2517 parentum
746 2438 918 2500 lsaereditate
941 2441 1141 2515 excludendi,
1162 2453 1192 2503 ut
1243 2502 1246 2507 .

182 2544 219 2585 ex
240 2525 321 2586 butte
339 2523 492 2586 Clementia
506 2525 540 2585 X
541 2522 808 2603 l..Propa9ondoe.
823 2524 904 2585 ibid.
997 2524 1011 2606 Ἰ

223 2601 436 2669 [lesecndcntcs
455 2608 616 2681 idumeis,
636 2609 694 2667 nisi
715 2611 800 2673 aliter
819 2619 938 2670 cautum
955 2611 1091 2671 fueritin
1110 2612 1194 2672 benc.

182 2693 319 2754 llciorum
346 2694 537 2766 satisdatione,
563 2693 609 2753 vel
638 2693 694 2752 nisi
720 2695 806 2753 aliter
826 2695 965 2755 Summus
989 2696 1122 2755 Pontifex
1138 2705 1194 2754 sta·

184 2777 293 2848 tuerit,
314 2777 408 2837 arceri
433 2795 492 2837 non
512 2784 634 2856 possunt
650 2778 740 2836 ctiam
759 2796 795 2837 cx
815 2779 1077 2839 constitutionibus
1098 2782 1193 2859 priva-

185 2871 283 2920 torum
295 2862 487 2921 Ecclesiarum
501 2907 509 2933 ‚
523 2861 538 2920 ιι
551 2863 759 2922 consecutione
775 2862 1008 2932 beneficiorum,
1031 2872 1064 2921 ut
1078 2882 1113 2922 ex
1131 2882 1191 2939 cap.
1280 2902 1281 2941 3

186 2947 264 3006 Eone
285 2952 332 3013 te,
351 2943 385 3005 de
398 2943 559 3025 rescriptis.
582 2945 664 3004 ldcm
688 2949 798 3025 pariter
815 2945 973 3005 dicendum
994 2945 1031 3006 de
1056 2947 1131 3018 iltis,
1144 2949 1192 3024 qui

185 3047 222 3087 ex
242 3028 410 3088 infidelibus
431 3028 624 3088 descendunt.
649 3032 692 3089 De
710 3030 819 3109 Synod.
841 3029 927 3090 dioec.
941 3031 993 3089 lib.
1015 3032 1063 3089 l2.
1085 3049 1148 3108 cap.
1164 3033 1191 3090 l.
1280 3078 1281 3091 .

187 3128 218 3171 ιι.
234 3115 264 3172 ι.
282 3121 313 3172 et
331 3115 360 3173 b.
375 3112 455 3173 idem
467 3114 556 3172 etiam
569 3113 725 3172 dicendum
737 3113 774 3172 de
786 3113 1101 3176 ordinibussaerisdb.
1113 3133 1146 3174 n.
1163 3116 1190 3174 ὅ.
1280 3104 1281 3131 ¹

493 3258 644 3349 totiacus
663 3290 898 3381 srnonanss

186 3471 188 3475 ’
226 3456 385 3534 synodales
402 3458 535 3534 judices,
558 3459 666 3535 quibus
681 3456 697 3517 la
712 3460 843 3520 Romania
855 3461 944 3521 Curid
968 3463 1192 3524 committuntue

184 3539 352 3612 judicandae
374 3558 466 3599 ceusae
487 3542 517 3598 in
531 3543 692 3619 partibusb
713 3545 800 3603 Curii
822 3546 962 3613 remotis,
986 3545 1131 3623 designari
1144 3546 1192 3605 de·

188 3619 258 3676 beat
272 3637 403 3694 personae
415 3624 448 3683 in
460 3624 649 3686 ecclesiastice
667 3625 811 3704 dignitato
834 3630 1021 3704 constitutae,
1040 3649 1106 3707 quae
1128 3630 1186 3689 sive
