<?xml version="1.0" encoding="UTF-8"?>
<!DOCTYPE html PUBLIC "-//W3C//DTD XHTML 1.0 Transitional//EN"
    "http://www.w3.org/TR/xhtml1/DTD/xhtml1-transitional.dtd">
<html xmlns="http://www.w3.org/1999/xhtml" xml:lang="en" lang="en">
 <head>
  <title>
</title>
<meta http-equiv="Content-Type" content="text/html;charset=utf-8" />
  <meta name='ocr-system' content='tesseract 3.04.00' />
  <meta name='ocr-capabilities' content='ocr_page ocr_carea ocr_par ocr_line ocrx_word'/>
</head>
<body>
  <div class='ocr_page' id='page_1' title='image "./theologiamorali05heilgoog_0238.png"; bbox 0 0 2642 4167; ppageno 0'>
   <div class='ocr_carea' id='block_1_1' title="bbox 164 203 926 292">
    <p class='ocr_par' dir='ltr' id='par_1_1' title="bbox 164 203 926 292">
     <span class='ocr_line' id='line_1_1' title="bbox 164 203 926 292; baseline 0.004 -23"><span class='ocrx_word' id='word_1_1' title='bbox 164 203 223 270; x_wconf 70' lang='grc'><strong>737</strong></span> <span class='ocrx_word' id='word_1_2' title='bbox 402 205 926 292; x_wconf 71' lang='lat' dir='ltr'><strong>uxameaarutnaauorau.cnp.s.</strong></span> 
     </span>
    </p>
   </div>
   <div class='ocr_carea' id='block_1_2' title="bbox 163 305 1221 1905">
    <p class='ocr_par' dir='ltr' id='par_1_2' title="bbox 163 305 1221 1905">
     <span class='ocr_line' id='line_1_2' title="bbox 164 305 1170 393; baseline 0.015 -29"><span class='ocrx_word' id='word_1_3' title='bbox 164 323 197 366; x_wconf 84' lang='lat' dir='ltr'><strong>n.</strong></span> <span class='ocrx_word' id='word_1_4' title='bbox 209 305 302 380; x_wconf 66' lang='lat' dir='ltr'><strong>lbll.</strong></span> <span class='ocrx_word' id='word_1_5' title='bbox 324 308 363 367; x_wconf 88' lang='lat' dir='ltr'><strong>ll.</strong></span> <span class='ocrx_word' id='word_1_6' title='bbox 383 306 629 387; x_wconf 80' lang='lat' dir='ltr'><strong>Impcdiurcntum</strong></span> <span class='ocrx_word' id='word_1_7' title='bbox 644 307 774 386; x_wconf 85' lang='lat' dir='ltr'><strong>justum,</strong></span> <span class='ocrx_word' id='word_1_8' title='bbox 793 310 863 389; x_wconf 74' lang='lat' dir='ltr'><strong>puta</strong></span> <span class='ocrx_word' id='word_1_9' title='bbox 877 312 902 371; x_wconf 94' lang='lat' dir='ltr'><strong>si</strong></span> <span class='ocrx_word' id='word_1_10' title='bbox 920 310 987 389; x_wconf 90' lang='lat' dir='ltr'><strong>quis</strong></span> <span class='ocrx_word' id='word_1_11' title='bbox 1010 322 1170 393; x_wconf 73' lang='lat' dir='ltr'>occupetur</span> 
     </span>
     <span class='ocr_line' id='line_1_3' title="bbox 164 389 1168 474; baseline 0.014 -25"><span class='ocrx_word' id='word_1_12' title='bbox 164 390 197 449; x_wconf 92' lang='lat' dir='ltr'><strong>in</strong></span> <span class='ocrx_word' id='word_1_13' title='bbox 210 391 307 451; x_wconf 84' lang='lat' dir='ltr'><strong>officio</strong></span> <span class='ocrx_word' id='word_1_14' title='bbox 319 389 487 465; x_wconf 85' lang='lat' dir='ltr'><strong>charitatis,</strong></span> <span class='ocrx_word' id='word_1_15' title='bbox 501 395 580 472; x_wconf 88' lang='lat' dir='ltr'><strong>qnod</strong></span> <span class='ocrx_word' id='word_1_16' title='bbox 601 412 662 455; x_wconf 94' lang='lat' dir='ltr'><strong>non</strong></span> <span class='ocrx_word' id='word_1_17' title='bbox 679 405 775 473; x_wconf 87' lang='lat' dir='ltr'><strong>posset</strong></span> <span class='ocrx_word' id='word_1_18' title='bbox 789 397 926 459; x_wconf 85' lang='lat' dir='ltr'><strong>omittere</strong></span> <span class='ocrx_word' id='word_1_19' title='bbox 936 398 1000 459; x_wconf 90' lang='lat' dir='ltr'><strong>sine</strong></span> <span class='ocrx_word' id='word_1_20' title='bbox 1012 401 1168 474; x_wconf 87' lang='lat' dir='ltr'><strong>scandalo,</strong></span> 
     </span>
     <span class='ocr_line' id='line_1_4' title="bbox 164 475 1172 563; baseline 0.017 -32"><span class='ocrx_word' id='word_1_21' title='bbox 164 481 215 531; x_wconf 85' lang='lat' dir='ltr'><strong>aut</strong></span> <span class='ocrx_word' id='word_1_22' title='bbox 234 475 354 536; x_wconf 76' lang='lat' dir='ltr'>notabili</span> <span class='ocrx_word' id='word_1_23' title='bbox 373 476 550 540; x_wconf 85' lang='lat' dir='ltr'><strong>detrimento</strong></span> <span class='ocrx_word' id='word_1_24' title='bbox 562 479 704 558; x_wconf 90' lang='lat' dir='ltr'><strong>proprio,</strong></span> <span class='ocrx_word' id='word_1_25' title='bbox 718 490 768 541; x_wconf 85' lang='lat' dir='ltr'><strong>aut</strong></span> <span class='ocrx_word' id='word_1_26' title='bbox 784 480 881 541; x_wconf 90' lang='lat' dir='ltr'><strong>alieno</strong></span> <span class='ocrx_word' id='word_1_27' title='bbox 891 524 900 553; x_wconf 92' lang='lat'>‚</span> <span class='ocrx_word' id='word_1_28' title='bbox 910 498 941 541; x_wconf 84' lang='lat' dir='ltr'><strong>v.</strong></span> <span class='ocrx_word' id='word_1_29' title='bbox 953 500 984 561; x_wconf 75' lang='lat' dir='ltr'><strong>g.</strong></span> <span class='ocrx_word' id='word_1_30' title='bbox 996 482 1020 542; x_wconf 93' lang='lat' dir='ltr'><strong>si</strong></span> <span class='ocrx_word' id='word_1_31' title='bbox 1032 486 1172 563; x_wconf 86' lang='lat' dir='ltr'><strong>nequiret</strong></span> 
     </span>
     <span class='ocr_line' id='line_1_5' title="bbox 164 553 1172 633; baseline 0.018 -20"><span class='ocrx_word' id='word_1_32' title='bbox 164 553 285 618; x_wconf 85' lang='lat' dir='ltr'><strong>dillcrre</strong></span> <span class='ocrx_word' id='word_1_33' title='bbox 306 562 476 623; x_wconf 80' lang='lat' dir='ltr'><strong>concionem</strong></span> <span class='ocrx_word' id='word_1_34' title='bbox 498 562 563 623; x_wconf 92' lang='lat' dir='ltr'><strong>sine</strong></span> <span class='ocrx_word' id='word_1_35' title='bbox 585 572 677 633; x_wconf 82' lang='lat' dir='ltr'><strong>nota,</strong></span> <span class='ocrx_word' id='word_1_36' title='bbox 703 565 750 624; x_wconf 85' lang='lat' dir='ltr'><strong>vel</strong></span> <span class='ocrx_word' id='word_1_37' title='bbox 768 564 963 625; x_wconf 84' lang='lat' dir='ltr'><strong>consessiones</strong></span> <span class='ocrx_word' id='word_1_38' title='bbox 986 566 1112 629; x_wconf 90' lang='lat' dir='ltr'><strong>aliorum</strong></span> <span class='ocrx_word' id='word_1_39' title='bbox 1135 570 1172 631; x_wconf 91' lang='lat' dir='ltr'><strong>in</strong></span> 
     </span>
     <span class='ocr_line' id='line_1_6' title="bbox 164 644 1170 732; baseline 0.015 -34"><span class='ocrx_word' id='word_1_40' title='bbox 164 656 271 718; x_wconf 81' lang='lat' dir='ltr'><strong>magno</strong></span> <span class='ocrx_word' id='word_1_41' title='bbox 290 662 433 707; x_wconf 81' lang='lat' dir='ltr'>concursu</span> <span class='ocrx_word' id='word_1_42' title='bbox 450 644 484 725; x_wconf 87' lang='lat' dir='ltr'><strong>(l.</strong></span> <span class='ocrx_word' id='word_1_43' title='bbox 504 666 530 708; x_wconf 87' lang='lat' dir='ltr'><strong>c.</strong></span> <span class='ocrx_word' id='word_1_44' title='bbox 554 666 588 708; x_wconf 83' lang='lat' dir='ltr'><strong>a.</strong></span> <span class='ocrx_word' id='word_1_45' title='bbox 610 646 913 726; x_wconf 60' lang='lat' dir='ltr'><strong>lautiusculam</strong></span> <span class='ocrx_word' id='word_1_46' title='bbox 932 646 965 727; x_wconf 81' lang='lat' dir='ltr'><strong>(i.</strong></span> <span class='ocrx_word' id='word_1_47' title='bbox 986 668 1052 713; x_wconf 76' lang='lat' dir='ltr'><strong>aa.</strong></span> <span class='ocrx_word' id='word_1_48' title='bbox 1073 652 1170 732; x_wconf 67' lang='lat' dir='ltr'><strong>ltu).</strong></span> 
     </span>
     <span class='ocr_line' id='line_1_7' title="bbox 165 724 1172 812; baseline 0.013 -29"><span class='ocrx_word' id='word_1_49' title='bbox 165 724 217 784; x_wconf 87' lang='lat' dir='ltr'><strong>lV.</strong></span> <span class='ocrx_word' id='word_1_50' title='bbox 236 727 374 790; x_wconf 83' lang='lat' dir='ltr'><strong>Carentia</strong></span> <span class='ocrx_word' id='word_1_51' title='bbox 384 732 539 792; x_wconf 83' lang='lat' dir='ltr'><strong>Breviarii.</strong></span> <span class='ocrx_word' id='word_1_52' title='bbox 554 731 677 792; x_wconf 76' lang='lat' dir='ltr'><strong>ueneris</strong></span> <span class='ocrx_word' id='word_1_53' title='bbox 689 742 786 792; x_wconf 89' lang='lat' dir='ltr'><strong>tamen</strong></span> <span class='ocrx_word' id='word_1_54' title='bbox 796 732 893 793; x_wconf 82' lang='lat' dir='ltr'><strong>dicere</strong></span> <span class='ocrx_word' id='word_1_55' title='bbox 906 752 972 812; x_wconf 80' lang='lat' dir='ltr'><strong>quae</strong></span> <span class='ocrx_word' id='word_1_56' title='bbox 985 744 1083 795; x_wconf 86' lang='lat' dir='ltr'><strong>mente</strong></span> <span class='ocrx_word' id='word_1_57' title='bbox 1096 735 1172 797; x_wconf 90' lang='lat' dir='ltr'><strong>reti·</strong></span> 
     </span>
     <span class='ocr_line' id='line_1_8' title="bbox 165 813 1171 895; baseline 0.014 -28"><span class='ocrx_word' id='word_1_58' title='bbox 165 825 238 881; x_wconf 80' lang='lat' dir='ltr'><strong>nes,</strong></span> <span class='ocrx_word' id='word_1_59' title='bbox 255 813 343 875; x_wconf 78' lang='lat' dir='ltr'><strong>modo</strong></span> <span class='ocrx_word' id='word_1_60' title='bbox 354 815 404 887; x_wconf 88' lang='lat' dir='ltr'><strong>id,</strong></span> <span class='ocrx_word' id='word_1_61' title='bbox 420 816 499 895; x_wconf 86' lang='lat' dir='ltr'><strong>quod</strong></span> <span class='ocrx_word' id='word_1_62' title='bbox 510 816 638 891; x_wconf 86' lang='lat' dir='ltr'><strong>retines,</strong></span> <span class='ocrx_word' id='word_1_63' title='bbox 653 816 802 895; x_wconf 78' lang='lat' dir='ltr'><strong>pertingat</strong></span> <span class='ocrx_word' id='word_1_64' title='bbox 815 817 852 878; x_wconf 89' lang='lat' dir='ltr'><strong>nd</strong></span> <span class='ocrx_word' id='word_1_65' title='bbox 861 819 1054 895; x_wconf 86' lang='lat' dir='ltr'><strong>quantitatem</strong></span> <span class='ocrx_word' id='word_1_66' title='bbox 1065 819 1171 881; x_wconf 86' lang='lat' dir='ltr'><strong>saltem</strong></span> 
     </span>
     <span class='ocr_line' id='line_1_9' title="bbox 164 894 1172 978; baseline 0.016 -28"><span class='ocrx_word' id='word_1_67' title='bbox 164 894 368 969; x_wconf 78' lang='lat' dir='ltr'><strong>pervehere.</strong></span> <span class='ocrx_word' id='word_1_68' title='bbox 389 901 467 960; x_wconf 83' lang='lat' dir='ltr'><strong>Etsi</strong></span> <span class='ocrx_word' id='word_1_69' title='bbox 486 918 566 961; x_wconf 90' lang='lat' dir='ltr'><strong>cares</strong></span> <span class='ocrx_word' id='word_1_70' title='bbox 587 900 682 960; x_wconf 89' lang='lat' dir='ltr'><strong>allicio</strong></span> <span class='ocrx_word' id='word_1_71' title='bbox 708 900 847 978; x_wconf 87' lang='lat' dir='ltr'><strong>proprio,</strong></span> <span class='ocrx_word' id='word_1_72' title='bbox 863 900 973 962; x_wconf 75' lang='lat' dir='ltr'><strong>teneris</strong></span> <span class='ocrx_word' id='word_1_73' title='bbox 990 903 1113 963; x_wconf 88' lang='lat' dir='ltr'><strong>recitare</strong></span> <span class='ocrx_word' id='word_1_74' title='bbox 1132 921 1172 966; x_wconf 84' lang='lat' dir='ltr'><strong>ex</strong></span> 
     </span>
     <span class='ocr_line' id='line_1_10' title="bbox 165 981 1221 1063; baseline 0.011 -30"><span class='ocrx_word' id='word_1_75' title='bbox 165 981 326 1040; x_wconf 85' lang='lat' dir='ltr'><strong>communi.</strong></span> <span class='ocrx_word' id='word_1_76' title='bbox 351 984 425 1044; x_wconf 85' lang='lat' dir='ltr'><strong>item</strong></span> <span class='ocrx_word' id='word_1_77' title='bbox 444 985 468 1044; x_wconf 93' lang='lat' dir='ltr'><strong>si</strong></span> <span class='ocrx_word' id='word_1_78' title='bbox 487 984 597 1063; x_wconf 87' lang='lat' dir='ltr'><strong>absque</strong></span> <span class='ocrx_word' id='word_1_79' title='bbox 621 1000 728 1060; x_wconf 76' lang='lat' dir='ltr'><strong>magno</strong></span> <span class='ocrx_word' id='word_1_80' title='bbox 749 985 937 1045; x_wconf 89' lang='lat' dir='ltr'><strong>incommoda</strong></span> <span class='ocrx_word' id='word_1_81' title='bbox 953 995 1036 1063; x_wconf 87' lang='lat' dir='ltr'><strong>potes</strong></span> <span class='ocrx_word' id='word_1_82' title='bbox 1055 989 1171 1049; x_wconf 89' lang='lat' dir='ltr'><strong>socium</strong></span> <span class='ocrx_word' id='word_1_83' title='bbox 1217 1038 1221 1045; x_wconf 80' lang='grc'><strong><em>,</em></strong></span> 
     </span>
     <span class='ocr_line' id='line_1_11' title="bbox 164 1058 1172 1136; baseline 0.015 -20"><span class='ocrx_word' id='word_1_84' title='bbox 164 1058 322 1136; x_wconf 75' lang='lat' dir='ltr'><strong>adhibere,</strong></span> <span class='ocrx_word' id='word_1_85' title='bbox 335 1066 455 1129; x_wconf 74' lang='lat' dir='ltr'><strong>teneris.</strong></span> <span class='ocrx_word' id='word_1_86' title='bbox 470 1071 515 1128; x_wconf 79' lang='lat' dir='ltr'><strong>An</strong></span> <span class='ocrx_word' id='word_1_87' title='bbox 528 1075 627 1129; x_wconf 89' lang='lat' dir='ltr'><strong>autem</strong></span> <span class='ocrx_word' id='word_1_88' title='bbox 638 1066 842 1129; x_wconf 85' lang='lat' dir='ltr'><strong>beneficiarius</strong></span> <span class='ocrx_word' id='word_1_89' title='bbox 853 1078 986 1129; x_wconf 85' lang='lat' dir='ltr'><strong>teneatur</strong></span> <span class='ocrx_word' id='word_1_90' title='bbox 997 1071 1086 1129; x_wconf 83' lang='lat' dir='ltr'><strong>etiam</strong></span> <span class='ocrx_word' id='word_1_91' title='bbox 1097 1089 1172 1131; x_wconf 91' lang='lat' dir='ltr'><strong>con-</strong></span> 
     </span>
     <span class='ocr_line' id='line_1_12' title="bbox 163 1141 1172 1231; baseline 0.015 -31"><span class='ocrx_word' id='word_1_92' title='bbox 163 1141 271 1205; x_wconf 86' lang='lat' dir='ltr'><strong>ducere</strong></span> <span class='ocrx_word' id='word_1_93' title='bbox 284 1150 394 1209; x_wconf 92' lang='lat' dir='ltr'><strong>socium</strong></span> <span class='ocrx_word' id='word_1_94' title='bbox 413 1151 451 1211; x_wconf 89' lang='lat' dir='ltr'><strong>ad</strong></span> <span class='ocrx_word' id='word_1_95' title='bbox 464 1149 551 1212; x_wconf 90' lang='lat' dir='ltr'><strong>boras</strong></span> <span class='ocrx_word' id='word_1_96' title='bbox 569 1150 793 1230; x_wconf 82' lang='lat' dir='ltr'><strong>persolvendas,</strong></span> <span class='ocrx_word' id='word_1_97' title='bbox 807 1152 831 1211; x_wconf 91' lang='lat' dir='ltr'><strong>si</strong></span> <span class='ocrx_word' id='word_1_98' title='bbox 852 1152 955 1231; x_wconf 85' lang='lat' dir='ltr'><strong>nequit</strong></span> <span class='ocrx_word' id='word_1_99' title='bbox 964 1153 1068 1230; x_wconf 82' lang='lat' dir='ltr'><strong>solus?</strong></span> <span class='ocrx_word' id='word_1_100' title='bbox 1080 1152 1172 1216; x_wconf 76' lang='lat' dir='ltr'><strong>Adest</strong></span> 
     </span>
     <span class='ocr_line' id='line_1_13' title="bbox 163 1224 1173 1314; baseline 0.014 -29"><span class='ocrx_word' id='word_1_101' title='bbox 163 1224 272 1305; x_wconf 83' lang='lat' dir='ltr'>duplex</span> <span class='ocrx_word' id='word_1_102' title='bbox 287 1234 431 1295; x_wconf 82' lang='lat' dir='ltr'><strong>sententia</strong></span> <span class='ocrx_word' id='word_1_103' title='bbox 448 1235 630 1314; x_wconf 85' lang='lat' dir='ltr'><strong>probabilis;</strong></span> <span class='ocrx_word' id='word_1_104' title='bbox 651 1234 702 1296; x_wconf 86' lang='lat' dir='ltr'><strong>ssd</strong></span> <span class='ocrx_word' id='word_1_105' title='bbox 726 1235 900 1296; x_wconf 85' lang='lat' dir='ltr'><strong>affirmativa</strong></span> <span class='ocrx_word' id='word_1_106' title='bbox 915 1247 960 1296; x_wconf 88' lang='lat' dir='ltr'><strong>est</strong></span> <span class='ocrx_word' id='word_1_107' title='bbox 982 1239 1173 1299; x_wconf 87' lang='lat' dir='ltr'><strong>communior</strong></span> 
     </span>
     <span class='ocr_line' id='line_1_14' title="bbox 164 1315 1173 1401; baseline 0.015 -32"><span class='ocrx_word' id='word_1_108' title='bbox 164 1316 195 1370; x_wconf 90' lang='lat' dir='ltr'><strong>et</strong></span> <span class='ocrx_word' id='word_1_109' title='bbox 208 1315 319 1393; x_wconf 81' lang='lat' dir='ltr'><strong>tutior3</strong></span> <span class='ocrx_word' id='word_1_110' title='bbox 331 1317 394 1379; x_wconf 79' lang='lat' dir='ltr'><strong>inab</strong></span> <span class='ocrx_word' id='word_1_111' title='bbox 405 1320 529 1382; x_wconf 86' lang='lat' dir='ltr'><strong>omninb</strong></span> <span class='ocrx_word' id='word_1_112' title='bbox 549 1319 714 1399; x_wconf 70' lang='lat' dir='ltr'><strong>sequenda,</strong></span> <span class='ocrx_word' id='word_1_113' title='bbox 732 1320 757 1379; x_wconf 91' lang='lat' dir='ltr'><strong>si</strong></span> <span class='ocrx_word' id='word_1_114' title='bbox 773 1320 826 1381; x_wconf 92' lang='lat' dir='ltr'><strong>ille</strong></span> <span class='ocrx_word' id='word_1_115' title='bbox 846 1320 917 1381; x_wconf 84' lang='lat' dir='ltr'><strong>velit</strong></span> <span class='ocrx_word' id='word_1_116' title='bbox 934 1321 1047 1381; x_wconf 81' lang='lat' dir='ltr'><strong>tructus</strong></span> <span class='ocrx_word' id='word_1_117' title='bbox 1073 1323 1173 1401; x_wconf 77' lang='lat' dir='ltr'><strong>perci·</strong></span> 
     </span>
     <span class='ocr_line' id='line_1_15' title="bbox 164 1402 1172 1483; baseline 0.013 -29"><span class='ocrx_word' id='word_1_118' title='bbox 164 1411 252 1473; x_wconf 86' lang='lat' dir='ltr'><strong>pere;</strong></span> <span class='ocrx_word' id='word_1_119' title='bbox 267 1417 335 1460; x_wconf 91' lang='lat' dir='ltr'><strong>cum</strong></span> <span class='ocrx_word' id='word_1_120' title='bbox 353 1402 413 1463; x_wconf 91' lang='lat' dir='ltr'><strong>sola</strong></span> <span class='ocrx_word' id='word_1_121' title='bbox 430 1406 511 1465; x_wconf 89' lang='lat' dir='ltr'><strong>enim</strong></span> <span class='ocrx_word' id='word_1_122' title='bbox 528 1404 736 1482; x_wconf 79' lang='lat' dir='ltr'><strong>probabilitate</strong></span> <span class='ocrx_word' id='word_1_123' title='bbox 747 1404 897 1481; x_wconf 83' lang='lat' dir='ltr'><strong>opinionis</strong></span> <span class='ocrx_word' id='word_1_124' title='bbox 911 1407 1052 1482; x_wconf 78' lang='lat' dir='ltr'><strong>oppositas</strong></span> <span class='ocrx_word' id='word_1_125' title='bbox 1065 1406 1172 1483; x_wconf 83' lang='lat' dir='ltr'><strong>nequit</strong></span> 
     </span>
     <span class='ocr_line' id='line_1_16' title="bbox 164 1484 1188 1566; baseline 0.015 -29"><span class='ocrx_word' id='word_1_126' title='bbox 164 1484 374 1556; x_wconf 83' lang='lat' dir='ltr'><strong>possessionem</strong></span> <span class='ocrx_word' id='word_1_127' title='bbox 385 1487 537 1548; x_wconf 79' lang='lat' dir='ltr'><strong>fructuum</strong></span> <span class='ocrx_word' id='word_1_128' title='bbox 554 1487 716 1558; x_wconf 85' lang='lat' dir='ltr'><strong>inchoare,</strong></span> <span class='ocrx_word' id='word_1_129' title='bbox 732 1494 767 1547; x_wconf 89' lang='lat' dir='ltr'><strong>ut</strong></span> <span class='ocrx_word' id='word_1_130' title='bbox 779 1487 859 1548; x_wconf 78' lang='lat' dir='ltr'><strong>rectis</strong></span> <span class='ocrx_word' id='word_1_131' title='bbox 875 1486 960 1564; x_wconf 91' lang='lat' dir='ltr'><strong>ajunt</strong></span> <span class='ocrx_word' id='word_1_132' title='bbox 981 1489 1059 1549; x_wconf 83' lang='lat' dir='ltr'><strong>Lcss.</strong></span> <span class='ocrx_word' id='word_1_133' title='bbox 1079 1489 1169 1566; x_wconf 74' lang='lat' dir='ltr'><strong>casa,</strong></span> <span class='ocrx_word' id='word_1_134' title='bbox 1185 1519 1188 1524; x_wconf 93' lang='lat'>·</span> 
     </span>
     <span class='ocr_line' id='line_1_17' title="bbox 163 1560 1171 1651; baseline 0.011 -28"><span class='ocrx_word' id='word_1_135' title='bbox 163 1560 256 1624; x_wconf 80' lang='lat' dir='ltr'><strong>Salas.</strong></span> <span class='ocrx_word' id='word_1_136' title='bbox 272 1568 358 1629; x_wconf 84' lang='lat' dir='ltr'><strong>Coae.</strong></span> <span class='ocrx_word' id='word_1_137' title='bbox 376 1574 487 1634; x_wconf 83' lang='lat' dir='ltr'><strong>Toum.</strong></span> <span class='ocrx_word' id='word_1_138' title='bbox 499 1575 611 1634; x_wconf 77' lang='lat' dir='ltr'><strong>Bonas.</strong></span> <span class='ocrx_word' id='word_1_139' title='bbox 627 1582 658 1634; x_wconf 86' lang='lat' dir='ltr'><strong>et</strong></span> <span class='ocrx_word' id='word_1_140' title='bbox 670 1573 721 1633; x_wconf 91' lang='lat' dir='ltr'><strong>alii</strong></span> <span class='ocrx_word' id='word_1_141' title='bbox 736 1574 935 1633; x_wconf 87' lang='lat' dir='ltr'><strong>communiter</strong></span> <span class='ocrx_word' id='word_1_142' title='bbox 947 1570 1024 1651; x_wconf 85' lang='lat' dir='ltr'><strong>(Lib.</strong></span> <span class='ocrx_word' id='word_1_143' title='bbox 1037 1574 1068 1633; x_wconf 83' lang='lat' dir='ltr'><strong>s.</strong></span> <span class='ocrx_word' id='word_1_144' title='bbox 1080 1591 1171 1634; x_wconf 79' lang='lat' dir='ltr'><strong>uum.</strong></span> 
     </span>
     <span class='ocr_line' id='line_1_18' title="bbox 166 1648 1174 1737; baseline 0.011 -30"><span class='ocrx_word' id='word_1_145' title='bbox 166 1648 233 1709; x_wconf 74' lang='grc'><strong>158.</strong></span> <span class='ocrx_word' id='word_1_146' title='bbox 245 1658 274 1710; x_wconf 87' lang='lat' dir='ltr'><strong>ct</strong></span> <span class='ocrx_word' id='word_1_147' title='bbox 285 1649 307 1714; x_wconf 83' lang='grc' dir='ltr'><strong>ἱ.</strong></span> <span class='ocrx_word' id='word_1_148' title='bbox 322 1655 353 1715; x_wconf 80' lang='lat' dir='ltr'><strong>t.</strong></span> <span class='ocrx_word' id='word_1_149' title='bbox 366 1674 398 1716; x_wconf 84' lang='lat' dir='ltr'><strong>a.</strong></span> <span class='ocrx_word' id='word_1_150' title='bbox 414 1659 483 1717; x_wconf 74' lang='grc'><strong>761.</strong></span> <span class='ocrx_word' id='word_1_151' title='bbox 497 1657 555 1732; x_wconf 84' lang='lat' dir='ltr'><strong>Qu.</strong></span> <span class='ocrx_word' id='word_1_152' title='bbox 568 1657 641 1735; x_wconf 73' lang='lat' dir='ltr'><strong>lt).</strong></span> <span class='ocrx_word' id='word_1_153' title='bbox 653 1659 692 1718; x_wconf 89' lang='lat' dir='ltr'><strong>V.</strong></span> <span class='ocrx_word' id='word_1_154' title='bbox 705 1659 830 1718; x_wconf 80' lang='lat' dir='ltr'><strong>Excusat</strong></span> <span class='ocrx_word' id='word_1_155' title='bbox 845 1654 1025 1737; x_wconf 71' lang='lat' dir='ltr'><strong>dispensatio</strong></span> <span class='ocrx_word' id='word_1_156' title='bbox 1046 1656 1174 1718; x_wconf 87' lang='lat' dir='ltr'><strong>Pantili-</strong></span> 
     </span>
     <span class='ocr_line' id='line_1_19' title="bbox 164 1732 1173 1821; baseline 0.01 -29"><span class='ocrx_word' id='word_1_157' title='bbox 164 1732 225 1809; x_wconf 82' lang='lat' dir='ltr'><strong>cis3</strong></span> <span class='ocrx_word' id='word_1_158' title='bbox 239 1743 269 1795; x_wconf 91' lang='lat' dir='ltr'><strong>et</strong></span> <span class='ocrx_word' id='word_1_159' title='bbox 281 1739 370 1799; x_wconf 87' lang='lat' dir='ltr'><strong>etiam</strong></span> <span class='ocrx_word' id='word_1_160' title='bbox 390 1742 504 1820; x_wconf 91' lang='lat' dir='ltr'><strong>proprii</strong></span> <span class='ocrx_word' id='word_1_161' title='bbox 529 1741 663 1821; x_wconf 80' lang='lat' dir='ltr'><strong>Episcopi</strong></span> <span class='ocrx_word' id='word_1_162' title='bbox 683 1742 729 1821; x_wconf 84' lang='lat' dir='ltr'><strong>(ad</strong></span> <span class='ocrx_word' id='word_1_163' title='bbox 748 1741 838 1801; x_wconf 85' lang='lat' dir='ltr'><strong>breve</strong></span> <span class='ocrx_word' id='word_1_164' title='bbox 856 1749 956 1801; x_wconf 77' lang='lat' dir='ltr'><strong>minen</strong></span> <span class='ocrx_word' id='word_1_165' title='bbox 973 1740 1117 1819; x_wconf 88' lang='lat' dir='ltr'><strong>tempus),</strong></span> <span class='ocrx_word' id='word_1_166' title='bbox 1141 1742 1173 1803; x_wconf 87' lang='lat' dir='ltr'><strong>si</strong></span> 
     </span>
     <span class='ocr_line' id='line_1_20' title="bbox 165 1817 1177 1905; baseline 0.007 -25"><span class='ocrx_word' id='word_1_167' title='bbox 165 1817 242 1882; x_wconf 77' lang='lat' dir='ltr'><strong>ausit</strong></span> <span class='ocrx_word' id='word_1_168' title='bbox 253 1825 434 1905; x_wconf 79' lang='lat' dir='ltr'><strong>causn3putl</strong></span> <span class='ocrx_word' id='word_1_169' title='bbox 443 1826 468 1887; x_wconf 92' lang='lat' dir='ltr'><strong>si</strong></span> <span class='ocrx_word' id='word_1_170' title='bbox 477 1827 629 1887; x_wconf 86' lang='lat' dir='ltr'><strong>dubitetur</strong></span> <span class='ocrx_word' id='word_1_171' title='bbox 637 1825 675 1887; x_wconf 92' lang='lat' dir='ltr'><strong>de</strong></span> <span class='ocrx_word' id='word_1_172' title='bbox 685 1826 788 1888; x_wconf 91' lang='lat' dir='ltr'><strong>morali</strong></span> <span class='ocrx_word' id='word_1_173' title='bbox 796 1822 1177 1905; x_wconf 63' lang='lat' dir='ltr'><strong>impotentiallbmlbtl.)</strong></span> 
     </span>
    </p>
   </div>
   <div class='ocr_carea' id='block_1_3' title="bbox 429 1943 906 2026">
    <p class='ocr_par' dir='ltr' id='par_1_3' title="bbox 429 1943 906 2026">
     <span class='ocr_line' id='line_1_21' title="bbox 429 1943 906 2026; baseline -0.004 -21"><span class='ocrx_word' id='word_1_174' title='bbox 429 1943 457 2025; x_wconf 63' lang='grc' dir='ltr'><strong>ς.</strong></span> <span class='ocrx_word' id='word_1_175' title='bbox 475 1946 527 2005; x_wconf 92' lang='lat' dir='ltr'><strong>lll.</strong></span> <span class='ocrx_word' id='word_1_176' title='bbox 542 1946 588 2006; x_wconf 87' lang='lat' dir='ltr'><strong>De</strong></span> <span class='ocrx_word' id='word_1_177' title='bbox 600 1947 731 2008; x_wconf 78' lang='lat' dir='ltr'><strong>masuris</strong></span> <span class='ocrx_word' id='word_1_178' title='bbox 747 1943 782 2005; x_wconf 84' lang='lat' dir='ltr'><strong>ia</strong></span> <span class='ocrx_word' id='word_1_179' title='bbox 792 1961 906 2026; x_wconf 76' lang='lat' dir='ltr'><strong>peuces.</strong></span> 
     </span>
    </p>
   </div>
   <div class='ocr_carea' id='block_1_4' title="bbox 163 2066 1174 2318">
    <p class='ocr_par' dir='ltr' id='par_1_4' title="bbox 163 2066 1174 2318">
     <span class='ocr_line' id='line_1_22' title="bbox 202 2066 1174 2149; baseline 0.005 -24"><span class='ocrx_word' id='word_1_180' title='bbox 202 2067 257 2145; x_wconf 91' lang='lat' dir='ltr'><strong>(ln</strong></span> <span class='ocrx_word' id='word_1_181' title='bbox 269 2066 326 2130; x_wconf 88' lang='lat' dir='ltr'><strong>boc</strong></span> <span class='ocrx_word' id='word_1_182' title='bbox 347 2068 530 2149; x_wconf 72' lang='lat' dir='ltr'><strong>paragrapho</strong></span> <span class='ocrx_word' id='word_1_183' title='bbox 553 2078 707 2147; x_wconf 86' lang='lat' dir='ltr'><strong>ponuntur</strong></span> <span class='ocrx_word' id='word_1_184' title='bbox 727 2070 844 2131; x_wconf 81' lang='lat' dir='ltr'><strong>tantum</strong></span> <span class='ocrx_word' id='word_1_185' title='bbox 864 2068 1070 2140; x_wconf 84' lang='lat' dir='ltr'><strong>definitiones,</strong></span> <span class='ocrx_word' id='word_1_186' title='bbox 1089 2066 1174 2130; x_wconf 87' lang='lat' dir='ltr'><strong>divi·</strong></span> 
     </span>
     <span class='ocr_line' id='line_1_23' title="bbox 163 2149 1172 2232; baseline 0.005 -22"><span class='ocrx_word' id='word_1_187' title='bbox 163 2149 277 2223; x_wconf 80' lang='lat' dir='ltr'><strong>aiones,</strong></span> <span class='ocrx_word' id='word_1_188' title='bbox 292 2162 323 2214; x_wconf 89' lang='lat' dir='ltr'><strong>et</strong></span> <span class='ocrx_word' id='word_1_189' title='bbox 341 2154 487 2232; x_wconf 91' lang='lat' dir='ltr'><strong>principia</strong></span> <span class='ocrx_word' id='word_1_190' title='bbox 503 2198 511 2224; x_wconf 88' lang='lat'><strong>‚</strong></span> <span class='ocrx_word' id='word_1_191' title='bbox 528 2155 638 2214; x_wconf 87' lang='lat' dir='ltr'><strong>relictis</strong></span> <span class='ocrx_word' id='word_1_192' title='bbox 651 2155 881 2230; x_wconf 69' lang='lat' dir='ltr'><strong>questionibus,</strong></span> <span class='ocrx_word' id='word_1_193' title='bbox 895 2154 1018 2231; x_wconf 85' lang='lat' dir='ltr'><strong>aliisque</strong></span> <span class='ocrx_word' id='word_1_194' title='bbox 1034 2153 1172 2226; x_wconf 88' lang='lat' dir='ltr'><strong>notitiis,</strong></span> 
     </span>
     <span class='ocr_line' id='line_1_24' title="bbox 164 2235 1048 2318; baseline 0.001 -22"><span class='ocrx_word' id='word_1_195' title='bbox 164 2252 231 2314; x_wconf 80' lang='lat' dir='ltr'><strong>que</strong></span> <span class='ocrx_word' id='word_1_196' title='bbox 242 2235 389 2301; x_wconf 85' lang='lat' dir='ltr'><strong>habentur</strong></span> <span class='ocrx_word' id='word_1_197' title='bbox 401 2240 433 2300; x_wconf 91' lang='lat' dir='ltr'><strong>in</strong></span> <span class='ocrx_word' id='word_1_198' title='bbox 445 2240 548 2301; x_wconf 84' lang='lat' dir='ltr'><strong>blorsli</strong></span> <span class='ocrx_word' id='word_1_199' title='bbox 561 2282 570 2312; x_wconf 91' lang='lat'>,</span> <span class='ocrx_word' id='word_1_200' title='bbox 584 2239 634 2300; x_wconf 90' lang='lat' dir='ltr'><strong>nbi</strong></span> <span class='ocrx_word' id='word_1_201' title='bbox 648 2238 712 2300; x_wconf 83' lang='lat' dir='ltr'><strong>sose</strong></span> <span class='ocrx_word' id='word_1_202' title='bbox 723 2240 836 2318; x_wconf 80' lang='lat' dir='ltr'><strong>egimus</strong></span> <span class='ocrx_word' id='word_1_203' title='bbox 846 2239 883 2300; x_wconf 94' lang='lat' dir='ltr'><strong>de</strong></span> <span class='ocrx_word' id='word_1_204' title='bbox 896 2236 1048 2316; x_wconf 78' lang='lat' dir='ltr'><strong>censuris).</strong></span> 
     </span>
    </p>
   </div>
   <div class='ocr_carea' id='block_1_5' title="bbox 159 2340 1179 3658">
    <p class='ocr_par' dir='ltr' id='par_1_5' title="bbox 163 2340 1175 2734">
     <span class='ocr_line' id='line_1_25' title="bbox 202 2340 1173 2485; baseline 0.002 -28"><span class='ocrx_word' id='word_1_205' title='bbox 202 2396 252 2457; x_wconf 91' lang='grc'><strong>77.</strong></span> <span class='ocrx_word' id='word_1_206' title='bbox 266 2432 308 2444; x_wconf 89' lang='grc'><strong>-</strong></span> <span class='ocrx_word' id='word_1_207' title='bbox 318 2340 471 2485; x_wconf 74' lang='lat' dir='ltr'><strong>Qunam.</strong></span> <span class='ocrx_word' id='word_1_208' title='bbox 486 2402 510 2460; x_wconf 88' lang='lat'><strong>1.</strong></span> <span class='ocrx_word' id='word_1_209' title='bbox 522 2399 601 2474; x_wconf 86' lang='lat' dir='ltr'><strong>Quid</strong></span> <span class='ocrx_word' id='word_1_210' title='bbox 615 2407 645 2460; x_wconf 92' lang='lat' dir='ltr'><strong>ct</strong></span> <span class='ocrx_word' id='word_1_211' title='bbox 655 2398 817 2476; x_wconf 82' lang='lat' dir='ltr'><strong>quotuplex</strong></span> <span class='ocrx_word' id='word_1_212' title='bbox 829 2399 867 2457; x_wconf 89' lang='lat' dir='ltr'><strong>sit</strong></span> <span class='ocrx_word' id='word_1_213' title='bbox 877 2400 1023 2458; x_wconf 79' lang='lat' dir='ltr'><strong>censurat</strong></span> <span class='ocrx_word' id='word_1_214' title='bbox 1037 2399 1173 2459; x_wconf 80' lang='lat' dir='ltr'><strong>Censura</strong></span> 
     </span>
     <span class='ocr_line' id='line_1_26' title="bbox 163 2478 1175 2564; baseline 0.004 -25"><span class='ocrx_word' id='word_1_215' title='bbox 163 2486 208 2540; x_wconf 85' lang='lat' dir='ltr'><strong>cst</strong></span> <span class='ocrx_word' id='word_1_216' title='bbox 224 2500 311 2561; x_wconf 80' lang='lat' dir='ltr'><strong>paena</strong></span> <span class='ocrx_word' id='word_1_217' title='bbox 324 2481 491 2563; x_wconf 79' lang='lat' dir='ltr'><strong>spiritualis</strong></span> <span class='ocrx_word' id='word_1_218' title='bbox 508 2491 537 2544; x_wconf 88' lang='lat' dir='ltr'><strong>et</strong></span> <span class='ocrx_word' id='word_1_219' title='bbox 552 2480 750 2558; x_wconf 73' lang='lat' dir='ltr'><strong>inediciaatsis,</strong></span> <span class='ocrx_word' id='word_1_220' title='bbox 763 2500 919 2564; x_wconf 83' lang='lat' dir='ltr'><strong>perquam</strong></span> <span class='ocrx_word' id='word_1_221' title='bbox 939 2478 1119 2559; x_wconf 81' lang='lat' dir='ltr'><strong>dsla&#39;aqacnti</strong></span> <span class='ocrx_word' id='word_1_222' title='bbox 1142 2490 1175 2543; x_wconf 87' lang='lat' dir='ltr'><strong>ct</strong></span> 
     </span>
     <span class='ocr_line' id='line_1_27' title="bbox 163 2564 1173 2650; baseline 0.004 -25"><span class='ocrx_word' id='word_1_223' title='bbox 163 2568 330 2629; x_wconf 82' lang='lat' dir='ltr'><strong>contumaci</strong></span> <span class='ocrx_word' id='word_1_224' title='bbox 349 2586 402 2650; x_wconf 84' lang='lat' dir='ltr'><strong>pcr</strong></span> <span class='ocrx_word' id='word_1_225' title='bbox 423 2566 642 2630; x_wconf 78' lang='lat' dir='ltr'><strong>ecclesiasticam</strong></span> <span class='ocrx_word' id='word_1_226' title='bbox 658 2575 834 2647; x_wconf 85' lang='lat' dir='ltr'><strong>potestatem</strong></span> <span class='ocrx_word' id='word_1_227' title='bbox 854 2564 1076 2647; x_wconf 64' lang='lat' dir='ltr'><strong>assuescamus</strong></span> <span class='ocrx_word' id='word_1_228' title='bbox 1093 2578 1173 2645; x_wconf 81' lang='lat' dir='ltr'><strong>quo·</strong></span> 
     </span>
     <span class='ocr_line' id='line_1_28' title="bbox 163 2648 685 2734; baseline -0.004 -23"><span class='ocrx_word' id='word_1_229' title='bbox 163 2648 302 2711; x_wconf 79' lang='lat' dir='ltr'><strong>rumdam</strong></span> <span class='ocrx_word' id='word_1_230' title='bbox 316 2652 520 2734; x_wconf 78' lang='lat' dir='ltr'><strong>spiritualium</strong></span> <span class='ocrx_word' id='word_1_231' title='bbox 532 2652 685 2714; x_wconf 70' lang='lat' dir='ltr'><strong>mnarum.</strong></span> 
     </span>
    </p>

    <p class='ocr_par' dir='ltr' id='par_1_6' title="bbox 162 2734 1177 3407">
     <span class='ocr_line' id='line_1_29' title="bbox 202 2734 1172 2805; baseline 0 -10"><span class='ocrx_word' id='word_1_232' title='bbox 202 2736 252 2797; x_wconf 87' lang='grc'><strong>78.</strong></span> <span class='ocrx_word' id='word_1_233' title='bbox 264 2770 304 2783; x_wconf 91' lang='grc'>-</span> <span class='ocrx_word' id='word_1_234' title='bbox 319 2738 469 2800; x_wconf 87' lang='lat' dir='ltr'><strong>Dividitur</strong></span> <span class='ocrx_word' id='word_1_235' title='bbox 486 2755 609 2799; x_wconf 87' lang='lat' dir='ltr'><strong>censura</strong></span> <span class='ocrx_word' id='word_1_236' title='bbox 630 2739 659 2796; x_wconf 92' lang='lat' dir='ltr'><strong>t.</strong></span> <span class='ocrx_word' id='word_1_237' title='bbox 684 2735 716 2795; x_wconf 91' lang='lat' dir='ltr'><strong>in</strong></span> <span class='ocrx_word' id='word_1_238' title='bbox 733 2734 1083 2805; x_wconf 83' lang='lat' dir='ltr'><strong>excommunicationem,</strong></span> <span class='ocrx_word' id='word_1_239' title='bbox 1101 2749 1172 2795; x_wconf 89' lang='lat' dir='ltr'><strong>sus·</strong></span> 
     </span>
     <span class='ocr_line' id='line_1_30' title="bbox 163 2818 1172 2899; baseline 0.002 -20"><span class='ocrx_word' id='word_1_240' title='bbox 163 2821 353 2899; x_wconf 86' lang='lat' dir='ltr'><strong>pensionem,</strong></span> <span class='ocrx_word' id='word_1_241' title='bbox 365 2831 396 2882; x_wconf 88' lang='lat' dir='ltr'><strong>et</strong></span> <span class='ocrx_word' id='word_1_242' title='bbox 410 2822 612 2883; x_wconf 88' lang='lat' dir='ltr'><strong>interdictum.</strong></span> <span class='ocrx_word' id='word_1_243' title='bbox 628 2822 656 2881; x_wconf 74' lang='grc'><strong>7.</strong></span> <span class='ocrx_word' id='word_1_244' title='bbox 672 2822 707 2879; x_wconf 83' lang='grc' dir='ltr'><strong>1η</strong></span> <span class='ocrx_word' id='word_1_245' title='bbox 722 2837 786 2880; x_wconf 92' lang='lat' dir='ltr'><strong>eam</strong></span> <span class='ocrx_word' id='word_1_246' title='bbox 799 2829 919 2898; x_wconf 89' lang='lat' dir='ltr'><strong>quaeest</strong></span> <span class='ocrx_word' id='word_1_247' title='bbox 935 2819 954 2878; x_wconf 79' lang='grc' dir='ltr'><em>ὰ</em></span> <span class='ocrx_word' id='word_1_248' title='bbox 961 2818 1047 2899; x_wconf 80' lang='lat' dir='ltr'><strong>jure,</strong></span> <span class='ocrx_word' id='word_1_249' title='bbox 1060 2835 1172 2896; x_wconf 88' lang='lat' dir='ltr'><strong>nempe</strong></span> 
     </span>
     <span class='ocr_line' id='line_1_31' title="bbox 163 2905 1170 2984; baseline -0.002 -21"><span class='ocrx_word' id='word_1_250' title='bbox 163 2905 341 2982; x_wconf 81' lang='lat' dir='ltr'><strong>quassentur</strong></span> <span class='ocrx_word' id='word_1_251' title='bbox 359 2924 412 2984; x_wconf 90' lang='lat' dir='ltr'><strong>per</strong></span> <span class='ocrx_word' id='word_1_252' title='bbox 430 2906 525 2984; x_wconf 80' lang='lat' dir='ltr'><strong>legem</strong></span> <span class='ocrx_word' id='word_1_253' title='bbox 545 2906 711 2984; x_wconf 78' lang='lat' dir='ltr'><strong>generalem</strong></span> <span class='ocrx_word' id='word_1_254' title='bbox 723 2947 731 2975; x_wconf 91' lang='lat'><strong><em>,</em></strong></span> <span class='ocrx_word' id='word_1_255' title='bbox 743 2912 773 2966; x_wconf 86' lang='lat' dir='ltr'><strong>et</strong></span> <span class='ocrx_word' id='word_1_256' title='bbox 792 2913 1032 2981; x_wconf 85' lang='lat' dir='ltr'><strong>permanentem,</strong></span> <span class='ocrx_word' id='word_1_257' title='bbox 1050 2909 1080 2962; x_wconf 86' lang='lat' dir='ltr'><strong>et</strong></span> <span class='ocrx_word' id='word_1_258' title='bbox 1099 2919 1170 2962; x_wconf 88' lang='lat' dir='ltr'><strong>eam</strong></span> 
     </span>
     <span class='ocr_line' id='line_1_32' title="bbox 163 2987 1172 3067; baseline -0.001 -18"><span class='ocrx_word' id='word_1_259' title='bbox 163 3007 229 3067; x_wconf 85' lang='lat' dir='ltr'><strong>quae</strong></span> <span class='ocrx_word' id='word_1_260' title='bbox 244 2998 288 3049; x_wconf 89' lang='lat' dir='ltr'><strong>est</strong></span> <span class='ocrx_word' id='word_1_261' title='bbox 303 2988 340 3051; x_wconf 82' lang='lat' dir='ltr'><strong>ab</strong></span> <span class='ocrx_word' id='word_1_262' title='bbox 356 2988 490 3062; x_wconf 81' lang='lat' dir='ltr'><strong>immine,</strong></span> <span class='ocrx_word' id='word_1_263' title='bbox 507 3009 573 3067; x_wconf 86' lang='lat' dir='ltr'><strong>quae</strong></span> <span class='ocrx_word' id='word_1_264' title='bbox 597 2991 707 3051; x_wconf 83' lang='lat' dir='ltr'><strong>scilicet</strong></span> <span class='ocrx_word' id='word_1_265' title='bbox 726 2989 820 3049; x_wconf 84' lang='lat' dir='ltr'><strong>lentur</strong></span> <span class='ocrx_word' id='word_1_266' title='bbox 838 2987 854 3046; x_wconf 80' lang='lat' dir='ltr'><strong>&#39;a</strong></span> <span class='ocrx_word' id='word_1_267' title='bbox 869 2989 991 3047; x_wconf 86' lang='lat' dir='ltr'><strong>Praelata</strong></span> <span class='ocrx_word' id='word_1_268' title='bbox 1003 3004 1057 3065; x_wconf 81' lang='lat' dir='ltr'><strong>per</strong></span> <span class='ocrx_word' id='word_1_269' title='bbox 1074 2987 1172 3064; x_wconf 89' lang='lat' dir='ltr'><strong>parti·</strong></span> 
     </span>
     <span class='ocr_line' id='line_1_33' title="bbox 163 3067 1171 3151; baseline -0.004 -16"><span class='ocrx_word' id='word_1_270' title='bbox 163 3075 295 3137; x_wconf 90' lang='lat' dir='ltr'><strong>cularem</strong></span> <span class='ocrx_word' id='word_1_271' title='bbox 312 3076 498 3135; x_wconf 88' lang='lat' dir='ltr'><strong>sententiam.</strong></span> <span class='ocrx_word' id='word_1_272' title='bbox 512 3077 541 3135; x_wconf 80' lang='lat'><strong>5.</strong></span> <span class='ocrx_word' id='word_1_273' title='bbox 553 3077 587 3135; x_wconf 93' lang='lat' dir='ltr'><strong>ln</strong></span> <span class='ocrx_word' id='word_1_274' title='bbox 605 3092 670 3135; x_wconf 87' lang='lat' dir='ltr'><strong>eam</strong></span> <span class='ocrx_word' id='word_1_275' title='bbox 687 3091 753 3151; x_wconf 76' lang='lat' dir='ltr'><strong>quae</strong></span> <span class='ocrx_word' id='word_1_276' title='bbox 775 3072 883 3132; x_wconf 89' lang='lat' dir='ltr'><strong>dicitur</strong></span> <span class='ocrx_word' id='word_1_277' title='bbox 904 3067 973 3131; x_wconf 76' lang='lat' dir='ltr'><strong>lotae</strong></span> <span class='ocrx_word' id='word_1_278' title='bbox 996 3068 1171 3144; x_wconf 71' lang='lat' dir='ltr'><strong>nculcatius,</strong></span> 
     </span>
     <span class='ocr_line' id='line_1_34' title="bbox 164 3153 1174 3239; baseline -0.003 -19"><span class='ocrx_word' id='word_1_279' title='bbox 164 3178 288 3239; x_wconf 89' lang='lat' dir='ltr'><strong>quaeque</strong></span> <span class='ocrx_word' id='word_1_280' title='bbox 299 3160 462 3221; x_wconf 87' lang='lat' dir='ltr'><strong>incurritur</strong></span> <span class='ocrx_word' id='word_1_281' title='bbox 478 3160 542 3239; x_wconf 90' lang='lat' dir='ltr'><strong>ipso</strong></span> <span class='ocrx_word' id='word_1_282' title='bbox 554 3159 649 3235; x_wconf 78' lang='lat' dir='ltr'><strong>lact03</strong></span> <span class='ocrx_word' id='word_1_283' title='bbox 662 3168 692 3219; x_wconf 88' lang='lat' dir='ltr'><strong>et</strong></span> <span class='ocrx_word' id='word_1_284' title='bbox 706 3155 835 3237; x_wconf 71' lang='lat' dir='ltr'><strong>fisrcaaloe</strong></span> <span class='ocrx_word' id='word_1_285' title='bbox 846 3153 997 3215; x_wconf 82' lang='lat' dir='ltr'><strong>scatentia</strong></span> <span class='ocrx_word' id='word_1_286' title='bbox 1007 3199 1014 3226; x_wconf 83' lang='grc'><em>,</em></span> <span class='ocrx_word' id='word_1_287' title='bbox 1026 3173 1091 3232; x_wconf 84' lang='lat' dir='ltr'><strong>quae</strong></span> <span class='ocrx_word' id='word_1_288' title='bbox 1103 3173 1174 3217; x_wconf 88' lang='lat' dir='ltr'><strong>nnn</strong></span> 
     </span>
     <span class='ocr_line' id='line_1_35' title="bbox 163 3237 1177 3324; baseline -0.004 -20"><span class='ocrx_word' id='word_1_289' title='bbox 163 3243 327 3304; x_wconf 86' lang='lat' dir='ltr'><strong>incurritur</strong></span> <span class='ocrx_word' id='word_1_290' title='bbox 349 3243 406 3304; x_wconf 88' lang='lat' dir='ltr'><strong>nisi</strong></span> <span class='ocrx_word' id='word_1_291' title='bbox 426 3254 493 3324; x_wconf 84' lang='lat' dir='ltr'><strong>post</strong></span> <span class='ocrx_word' id='word_1_292' title='bbox 512 3239 812 3320; x_wconf 82' lang='lat' dir='ltr'><strong>sententiam,prai1t</strong></span> <span class='ocrx_word' id='word_1_293' title='bbox 826 3247 897 3301; x_wconf 90' lang='lat' dir='ltr'><strong>sunt</strong></span> <span class='ocrx_word' id='word_1_294' title='bbox 917 3256 1047 3300; x_wconf 84' lang='lat' dir='ltr'><strong>censurae</strong></span> <span class='ocrx_word' id='word_1_295' title='bbox 1067 3237 1177 3300; x_wconf 82' lang='lat' dir='ltr'><strong>verbis</strong></span> 
     </span>
     <span class='ocr_line' id='line_1_36' title="bbox 162 3326 753 3407; baseline -0.007 -18"><span class='ocrx_word' id='word_1_296' title='bbox 162 3328 255 3390; x_wconf 78' lang='lat' dir='ltr'><strong>fatuari</strong></span> <span class='ocrx_word' id='word_1_297' title='bbox 268 3328 409 3406; x_wconf 88' lang='lat' dir='ltr'><strong>temporis</strong></span> <span class='ocrx_word' id='word_1_298' title='bbox 418 3349 428 3407; x_wconf 78' lang='lat'>3</span> <span class='ocrx_word' id='word_1_299' title='bbox 437 3327 503 3390; x_wconf 81' lang='lat' dir='ltr'><strong>uide</strong></span> <span class='ocrx_word' id='word_1_300' title='bbox 519 3326 540 3389; x_wconf 84' lang='lat' dir='ltr'><strong>l.</strong></span> <span class='ocrx_word' id='word_1_301' title='bbox 552 3329 581 3388; x_wconf 97' lang='grc'><strong>7.</strong></span> <span class='ocrx_word' id='word_1_302' title='bbox 594 3346 627 3387; x_wconf 83' lang='lat' dir='ltr'><strong>a.</strong></span> <span class='ocrx_word' id='word_1_303' title='bbox 638 3328 668 3388; x_wconf 89' lang='grc'><strong>6.</strong></span> <span class='ocrx_word' id='word_1_304' title='bbox 682 3328 712 3386; x_wconf 95' lang='grc'><strong>7.</strong></span> <span class='ocrx_word' id='word_1_305' title='bbox 723 3327 753 3386; x_wconf 93' lang='grc'><strong>8.</strong></span> 
     </span>
    </p>

    <p class='ocr_par' dir='ltr' id='par_1_7' title="bbox 159 3405 1179 3658">
     <span class='ocr_line' id='line_1_37' title="bbox 159 3405 1178 3489; baseline 0 -18"><span class='ocrx_word' id='word_1_306' title='bbox 159 3475 162 3480; x_wconf 75' lang='grc'>,</span> <span class='ocrx_word' id='word_1_307' title='bbox 201 3414 250 3471; x_wconf 83' lang='grc'><strong>79.</strong></span> <span class='ocrx_word' id='word_1_308' title='bbox 264 3444 302 3456; x_wconf 86' lang='grc'><strong>-</strong></span> <span class='ocrx_word' id='word_1_309' title='bbox 312 3412 410 3484; x_wconf 87' lang='lat' dir='ltr'><strong>Quaer.</strong></span> <span class='ocrx_word' id='word_1_310' title='bbox 426 3413 465 3472; x_wconf 89' lang='lat' dir='ltr'><strong>ll.</strong></span> <span class='ocrx_word' id='word_1_311' title='bbox 479 3412 551 3487; x_wconf 87' lang='lat' dir='ltr'><strong>Quis</strong></span> <span class='ocrx_word' id='word_1_312' title='bbox 565 3411 745 3489; x_wconf 88' lang='lat' dir='ltr'><strong>potestlerrc</strong></span> <span class='ocrx_word' id='word_1_313' title='bbox 757 3413 917 3469; x_wconf 80' lang='lat' dir='ltr'><strong>censuras?</strong></span> <span class='ocrx_word' id='word_1_314' title='bbox 930 3405 1054 3467; x_wconf 85' lang='lat' dir='ltr'><strong>Possunt</strong></span> <span class='ocrx_word' id='word_1_315' title='bbox 1062 3423 1178 3471; x_wconf 80' lang='lat' dir='ltr'><strong>omnes</strong></span> 
     </span>
     <span class='ocr_line' id='line_1_38' title="bbox 162 3491 1177 3572; baseline 0.003 -20"><span class='ocrx_word' id='word_1_316' title='bbox 162 3496 326 3569; x_wconf 88' lang='lat' dir='ltr'><strong>superiores</strong></span> <span class='ocrx_word' id='word_1_317' title='bbox 337 3496 519 3563; x_wconf 85' lang='lat' dir='ltr'><strong>ecclesiastici</strong></span> <span class='ocrx_word' id='word_1_318' title='bbox 528 3495 668 3556; x_wconf 81' lang='lat' dir='ltr'><strong>habentes</strong></span> <span class='ocrx_word' id='word_1_319' title='bbox 673 3493 910 3572; x_wconf 87' lang='lat' dir='ltr'><strong>jurisdictionem</strong></span> <span class='ocrx_word' id='word_1_320' title='bbox 920 3491 1023 3552; x_wconf 87' lang='lat' dir='ltr'><strong>inloro</strong></span> <span class='ocrx_word' id='word_1_321' title='bbox 1031 3498 1177 3568; x_wconf 82' lang='lat' dir='ltr'><strong>externo,</strong></span> 
     </span>
     <span class='ocr_line' id='line_1_39' title="bbox 162 3574 1179 3658; baseline 0.006 -30"><span class='ocrx_word' id='word_1_322' title='bbox 162 3577 209 3632; x_wconf 80' lang='lat' dir='ltr'><strong>vel</strong></span> <span class='ocrx_word' id='word_1_323' title='bbox 225 3576 421 3653; x_wconf 89' lang='lat' dir='ltr'><strong>ordinariam,</strong></span> <span class='ocrx_word' id='word_1_324' title='bbox 436 3579 528 3658; x_wconf 80' lang='lat' dir='ltr'><strong>prosit</strong></span> <span class='ocrx_word' id='word_1_325' title='bbox 547 3580 698 3655; x_wconf 76' lang='lat' dir='ltr'><strong>Pontifex,</strong></span> <span class='ocrx_word' id='word_1_326' title='bbox 711 3578 853 3653; x_wconf 84' lang='lat' dir='ltr'><strong>concilia,</strong></span> <span class='ocrx_word' id='word_1_327' title='bbox 872 3575 1022 3657; x_wconf 88' lang='lat' dir='ltr'><strong>Episcopi,</strong></span> <span class='ocrx_word' id='word_1_328' title='bbox 1038 3582 1068 3637; x_wconf 84' lang='lat' dir='ltr'><strong>et</strong></span> <span class='ocrx_word' id='word_1_329' title='bbox 1087 3574 1179 3656; x_wconf 81' lang='lat' dir='ltr'><strong>ipso-</strong></span> 
     </span>
    </p>
   </div>
   <div class='ocr_carea' id='block_1_6' title="bbox 0 0 1326 4167">
    <p class='ocr_par' dir='ltr' id='par_1_8' title="bbox 0 0 1326 4167">
     <span class='ocr_line' id='line_1_40' title="bbox 0 0 1326 4167; baseline 0 0"><span class='ocrx_word' id='word_1_330' title='bbox 0 0 1326 4167; x_wconf 95' lang='lat' dir='ltr'><strong> </strong></span> 
     </span>
    </p>
   </div>
  </div>
 </body>
</html>
