2642 4167
260 270 263 273 ·
305 251 334 332 S.
350 249 401 314 tv.
416 246 536 314 Manita
547 228 625 312 urea
642 246 751 312 ultime
764 248 966 315 Sacramenta.
1085 224 1142 321 177

129 362 196 422 eata
214 353 351 417 mortalia
366 351 477 413 occulta
487 384 496 424 ᾗ
506 360 540 412 ut
552 352 637 416 docet
646 355 686 413 l).
703 351 830 413 Thomas
843 374 855 412 r
869 352 934 415 uide
947 349 969 414 7.
980 371 1005 417 e.
1022 372 1055 418 n.
1069 357 1140 435 771.

128 460 161 503 υ.
182 442 363 512 Commuuc3
382 434 506 512 idebque
521 436 683 496 instruatur
698 435 856 508 infirmus,
877 444 911 496 ut
923 437 995 500 dum
1008 441 1141 520 quinque

130 521 267 600 eorporis
286 537 387 580 sensus
407 526 578 597 unguntur,
590 519 652 596 ipse
664 518 702 579 de
713 519 806 598 culpis
818 537 873 598 per
887 521 965 601 ipsos
980 527 1141 588 commissis

129 606 252 675 doleat,
269 610 307 663 'ct
321 620 390 664 cum
412 602 573 662 astantibus
586 603 675 664 ctiam
688 603 881 683 respondeat,
899 606 1002 666 Amen.
1020 609 1140 684 Tertid,

128 687 325 771 particularia
354 687 483 757 auxilia,
505 686 613 763 quibus
633 689 665 747 in
689 687 740 747 illo
764 695 895 750 extremo
914 709 1007 769 agona
1033 694 1141 757 inierni

126 775 220 845 vim,
245 780 277 832 et
298 771 443 850 impetum
461 770 598 848 frangat,
621 771 868 832 subministrabit.
893 773 991 848 Quare
1012 779 1141 840 multum

126 855 288 937 probabile
303 864 349 915 est
362 855 444 934 gravi
466 871 497 914 se
516 855 804 934 obstringiscelere,
823 857 874 934 qui
898 857 955 919 hoc
970 862 1142 926 Sacramen-

124 951 198 1002 tum
214 941 345 1016 accipere
357 948 526 1011 recusaret,
543 946 578 999 ut
597 939 686 1019 supri
711 941 839 1001 diximus
852 961 883 1003 re.
901 944 970 1006 107.

170 1025 242 1084 att.
260 1023 366 1101 Aliqua
384 1021 433 1083 bic
451 1024 489 1083 de
503 1022 593 1099 hujus
606 1025 785 1085 sacramenti
800 1026 1053 1093 administratione
1067 1035 1142 1097 scitu

129 1108 299 1173 necessaria
317 1107 459 1167 adnotare
479 1108 591 1168 licebit.
606 1110 630 1168 l.
658 1109 840 1185 speculativi
855 1110 968 1173 tantiam
983 1118 1143 1193 probabilis

127 1203 178 1256 est
196 1193 297 1270 opinio
315 1191 413 1251 dicens
423 1211 432 1266 3
444 1191 577 1252 sufficere
592 1193 759 1253 ministrare
774 1192 829 1254 lvoc
844 1197 1063 1263 Sacramentum
1073 1222 1142 1266 cum

129 1295 193 1339 una
204 1281 291 1354 gutta
303 1275 378 1347 olei,
392 1275 474 1335 illam
493 1292 547 1353 per
558 1285 655 1354 partes
666 1296 726 1338 non
735 1277 947 1356 diffundendo,
963 1300 1024 1344 non
1042 1294 1142 1348 tamen

128 1357 281 1442 practice,
302 1359 371 1435 quia
390 1357 461 1419 baec'
474 1376 543 1418 vcra
565 1360 665 1420 unctio
685 1379 745 1421 non
771 1370 871 1438 esset,
893 1362 958 1424 uide
977 1365 1010 1426 iu
1028 1366 1144 1431 Murali

129 1444 155 1505 7.
175 1447 206 1504 0.
227 1461 259 1504 u.
276 1443 344 1502 700.
364 1441 444 1504 Dub.
464 1445 494 1502 l.
518 1445 676 1505 libratio
699 1446 831 1523 quinque
846 1464 1010 1521 sensuum,
1039 1470 1144 1512 secun-

129 1528 210 1589 ddm
233 1525 465 1588 communiorem
488 1529 689 1600 sententiam,
712 1537 756 1589 est
783 1529 821 1589 de
847 1531 1017 1590 necessitate
1042 1535 1144 1594 Sacra·

130 1611 228 1676 menti
239 1631 249 1687 ς
261 1610 340 1670 unde
359 1610 448 1691 pestis
459 1609 574 1670 tantdm
584 1621 720 1689 tempore
733 1655 741 1681 ,
759 1621 811 1670 aut
824 1610 947 1688 alicujus
960 1615 1143 1678 imminentis

129 1696 240 1756 mortis
264 1693 411 1772 periculi,
435 1710 493 1754 una
522 1694 660 1754 tantdm:
683 1703 714 1754 et
732 1695 764 1753 in
787 1711 848 1754 uno
870 1711 956 1754 sensu
972 1695 1144 1773 (consultids

129 1777 303 1856 incapite)
325 1777 425 1838 unctio
452 1777 584 1838 adbiberi
607 1784 726 1855 potest,
751 1777 802 1837 sed
820 1794 937 1856 semper
960 1780 1016 1839 sub
1041 1782 1143 1845 condi·

131 1863 217 1922 tione
243 1862 267 1922 si
288 1862 386 1933 valet,
412 1870 531 1923 etcum
556 1862 642 1922 unica
665 1862 760 1921 forma
790 1861 945 1923 dicendo:
974 1867 1143 1928 Periclem

130 1953 265 2008 eructuat
281 1945 447 2006 unctionem
458 1954 504 2018 ,ct
514 1958 602 2008 suum
616 1943 783 2024 piissimam
797 1944 1027 2014 uciscricordiom
1040 1948 1142 2013 indui·

130 2038 200 2112 peut
213 2029 267 2092 tibi
281 2033 362 2091 Deua
377 2028 523 2110 qceidquicl
536 2027 687 2111 deliquisti
699 2047 752 2108 per
769 2048 891 2104 seusus,
904 2049 1007 2114 ucmpc
1025 2033 1140 2111 uisum,

132 2112 291 2192 nuditum,
312 2123 453 2195 pastum,
478 2113 652 2189 odormum,
683 2121 712 2174 ct
742 2116 914 2177 antanasi
937 2124 1037 2179 tamen
1062 2122 1140 2199 aeger

133 2200 320 2276 supervivat,
336 2201 490 2259 unctiones
505 2198 596 2258 etiam
625 2199 681 2259 sub
699 2200 869 2261 conditione
881 2201 1017 2262 reiterari
1032 2203 1141 2265 debent

129 2282 167 2342 in
185 2283 322 2342 omnibus
339 2284 470 2361 quinque
481 2283 612 2343 sensibus
628 2283 721 2344 solitis
743 2284 936 2345 orationibus.
950 2287 1002 2345 lll.
1017 2287 1084 2347 Non
1097 2295 1141 2349 est

133 2366 173 2428 de
194 2367 363 2427 necessitate
390 2367 567 2426 Sacramenti
588 2368 737 2445 geminam
763 2371 934 2428 unctionem
952 2369 983 2428 in
1014 2370 1140 2444 geminis

131 2451 266 2531 partibus
288 2449 442 2527 adbiberi3
461 2449 523 2512 imd
541 2468 635 2511 unum
655 2461 772 2511 matum
796 2452 939 2524 mulum,
963 2469 1054 2512 unam
1076 2470 1139 2515 ma·

130 2551 223 2607 num,
235 2543 292 2595 ete.
309 2550 440 2612 ungere,
455 2533 535 2595 liciti
549 2535 673 2605 sullicit,
686 2532 758 2595 ddm
771 2535 937 2613 perieulum
951 2535 1137 2607 iniectionis,

131 2625 184 2678 aut
204 2619 260 2678 alia
272 2620 427 2678 necessitas
443 2618 543 2692 adest,
560 2628 596 2677 ut
608 2619 633 2679 si
649 2617 787 2677 infirmus
800 2617 904 2694 nequit
922 2617 998 2675 uerti
1009 2617 1044 2676 ad
1058 2619 1138 2680 eliud

131 2701 217 2760 latus.
233 2703 338 2763 Unctio
353 2720 460 2764 renum
479 2703 511 2762 in
525 2699 715 2773 mulieribus,
726 2707 757 2758 et
768 2700 856 2781 etiarn
872 2699 904 2756 in
918 2699 990 2757 viris
1001 2743 1009 2768 ‚
1020 2702 1139 2780 quaudo

131 2783 271 2862 insinuas
289 2786 337 2864 (ut
352 2787 474 2845 Ritualis
496 2784 608 2863 monet)
639 2780 786 2844 commodi
817 2782 928 2841 moueri
946 2799 1007 2841 uon
1023 2792 1136 2862 potest,

129 2864 323 2945 relinquitur.
338 2869 512 2929 linctionem
530 2877 629 2929 tamen
642 2866 752 2945 pedum
768 2882 829 2926 non
850 2881 911 2924 csse
922 2864 959 2924 dc
972 2868 1140 2928 necessitato

132 2953 331 3024 sacramenti,
357 2953 524 3013 communis
546 2953 691 3015 sententia
706 2958 806 3024 tenet,
824 2949 875 3009 sed
903 2950 1000 3026 quoad
1019 2949 1074 3008 hoe
1086 2952 1140 3009 Ec·

132 3034 288 3107 clesierum
310 3037 488 3098 consuetudo
513 3036 654 3096 servanda
667 3045 732 3106 est,
746 3032 767 3093 1.
787 3036 816 3094 o.
830 3052 862 3093 u.
877 3036 945 3095 710.
957 3051 986 3092 o.
1009 3033 1137 3093 Certuru.

130 3120 193 3178 Nee
210 3123 303 3179 etiam
325 3120 364 3181 de
379 3121 549 3183 necessitate
567 3120 746 3180 Sacramenti
764 3125 808 3179 est
820 3119 852 3177 in
863 3119 1000 3178 unctione
1010 3117 1140 3195 partium

132 3200 270 3264 ordinem
285 3206 397 3265 servari
412 3226 421 3263 t
441 3207 525 3284 gravi
544 3214 644 3266 tamen
661 3205 747 3282 culpa
768 3221 800 3262 se
820 3204 1001 3279 obstringit,
1024 3203 1075 3278 qui
1091 3220 1139 3262 rc·

130 3294 251 3362 ceptum
271 3287 408 3349 ordinem
421 3307 482 3349 non
499 3298 595 3349 servet
606 3285 651 3362 ,7.
666 3307 690 3349 c.
704 3306 733 3348 u.
745 3288 806 3348 Nec
817 3286 916 3346 cliuus.
933 3287 984 3345 tv.
1003 3287 1139 3348 Extrema

130 3369 240 3431 tinctio
257 3369 317 3432 nte
338 3373 488 3434 confertur
509 3373 629 3451 pueris,
645 3373 698 3452 qui
722 3373 836 3432 ratione
852 3370 982 3447 pollent,
996 3366 1065 3429 licet
1078 3387 1139 3430 non

127 3451 228 3513 adbuc
249 3453 281 3513 S.
303 3455 526 3518 Communionis
547 3457 645 3517 idonei
667 3456 745 3532 sint3
764 3454 900 3515 indubio
918 3463 1016 3514 tamen
1031 3451 1069 3512 de
1083 3469 1138 3514 usu

127 3536 277 3612 rationis,
302 3539 359 3600 sub
382 3540 551 3603 conditione
580 3538 780 3601 administrari
812 3547 918 3617 potest.
951 3539 1011 3597 lloc
1041 3545 1140 3599 tamen

128 3639 200 3682 curru
231 3622 354 3701 prorsus
384 3625 549 3686 carentibus
583 3642 645 3686 non
680 3623 812 3703 procedit
832 3665 842 3696 ,
865 3641 897 3684 a.
921 3624 989 3683 710.
1011 3629 1040 3682 et
1068 3626 1135 3685 tao.
