2642 4167
158 300 217 362 tte
353 287 969 380 Epitomedootrinoemorolioetconooicce

156 400 262 463 relicto
272 405 372 460 umen
387 401 494 460 idoneo
504 398 684 467 substituto,
697 396 785 473 idque
795 403 934 475 prestent
949 409 1004 471 per
1020 388 1160 470 majorem

155 486 225 547 unni
238 494 365 566 partem.
379 486 423 546 tta
440 502 476 546 cx
492 482 573 546 decr.
588 486 619 544 S.
630 485 663 545 C.
676 484 708 544 C.
724 482 798 542 ibid.
814 499 844 542 n.
860 482 905 541 18.

535 653 771 714 RESTlTUTIO.

195 826 276 887 Eunu
297 822 461 886 immobilia
476 821 513 883 ab
536 819 669 882 hostibus
686 822 718 881 in
739 821 817 883 betto
840 820 951 899 injusto
968 830 1069 902 capta,
1091 826 1159 903 puta

156 908 306 989 opinatis,
319 907 504 978 infidelibus,
518 904 664 966 haereticis
684 915 754 978 ete.‚
767 907 791 966 si
812 915 949 966 emuntur
967 904 983 965 a
1006 907 1159 983 fidelibus,

157 993 267 1054 debent
276 993 390 1053 restitui
402 990 522 1070 proprio
535 989 763 1061 domino‚nu110
776 1001 875 1051 exacto
887 992 982 1070 pretio
991 992 1028 1051 ab
1041 994 1162 1072 eodem3

157 1077 238 1156 quod
256 1076 405 1137 decretum
427 1075 498 1135 olim
518 1075 574 1133 iuit
595 1072 612 1133 b
631 1075 862 1151 congregatione
883 1077 1076 1153 propagandae
1095 1078 1162 1138 tidei

158 1180 207 1221 an.
223 1163 309 1222 1650.
330 1178 460 1239 quorum
484 1159 654 1238 opinionem
678 1157 855 1220 Benedictus
873 1160 964 1221 XIV.
980 1160 1110 1221 admittit
1132 1165 1162 1224 in

159 1246 253 1323 Epist.
268 1244 305 1305 ad
319 1247 357 1306 P.
366 1240 526 1304 Nicolaum
533 1240 657 1304 lucari
663 1286 673 1312 ‚
691 1244 881 1304 secretarium
890 1241 1021 1322 ejusdem
1035 1246 1163 1325 Congre-

159 1331 295 1410 gatioais.
318 1330 405 1405 Quod
422 1327 494 1391 uero
510 1328 547 1388 ud
567 1328 706 1400 mobilia,
726 1328 828 1389 eadem
841 1331 1031 1410 congregatio
1051 1335 1163 1393 censuit

159 1415 339 1476 restituenda
370 1432 432 1475 esse
453 1413 491 1473 ab
519 1413 702 1491 emptoribus
726 1413 860 1491 legitimo
891 1412 1035 1486 domino,
1062 1423 1162 1476 exacto

161 1507 260 1559 tumen
274 1499 311 1559 ab
331 1499 382 1559 ilio
393 1517 428 1559 eo
439 1498 552 1576 pretio,
569 1515 628 1574 quo
640 1506 738 1576 empta
752 1506 840 1574 sunt3
864 1498 894 1556 in
905 1496 961 1557 hoc
973 1507 1072 1560 tamen
1083 1499 1162 1577 judi·

158 1582 240 1645 cium
252 1601 340 1645 suum
348 1580 522 1644 Benedictus
530 1581 619 1642 XIV.
633 1600 693 1641 non
709 1583 831 1661 profert.
844 1581 920 1642 ibid.

611 1752 719 1845 naus

197 1924 275 1984 Reus
285 1921 412 2000 juridice
428 1923 624 2001 interrogatus
640 1922 672 1982 in
687 1921 801 1999 judicio
816 1920 963 1983 criminali
983 1934 1102 1988 tenetur
1113 1947 1163 1991 ve·

159 2006 278 2149 rihtutem
294 2008 497 2089 manifestare,
513 2016 547 2068 ut
566 2007 666 2067 innuit
681 2007 815 2068 Pontifex
832 2008 930 2068 insui
947 2008 1164 2075 bulliPutemto

159 2107 174 2150 c
196 2093 299 2153 ert'tut.

514 2256 808 2323 secundundum.

200 2429 353 2492 Sententia
368 2445 500 2490 asserens
509 2473 519 2504 ‚
535 2427 567 2488 in
580 2429 767 2489 sacramentis
780 2429 964 2493 conterendis
976 2450 1036 2494 non
1052 2435 1165 2514 requiri

161 2517 194 2579 iu
214 2516 352 2577 ministro
364 2514 559 2575 intentionem
568 2514 697 2592 aliquam
707 2513 831 2574 faciendi
841 2517 984 2595 quidquid
994 2519 1062 2579 tacit
1070 2521 1166 2581 Eccle·
1204 2570 1209 2575 ,

161 2602 223 2673 sia,
241 2600 293 2660 sed
314 2597 430 2659 tantiam
447 2597 606 2676 praestandi
627 2600 720 2658 ritum
744 2607 919 2677 externum,
940 2604 1022 2662 uuili
1043 2604 1165 2665 censuri
1217 2659 1220 2662 ⁴

162 2686 199 2746 ab
211 2682 536 2763 Episcopiseonfigenda
547 2691 600 2743 est.
614 2684 656 2742 De
667 2685 739 2762 Syn.
756 2682 840 2742 dioee.
856 2685 878 2743 Ι.
890 2686 954 2745 7.c.
970 2688 1000 2745 d.
1018 2690 1096 2747 md.
1110 2688 1167 2749 Ve-

161 2767 231 2832 rium
250 2768 396 2827 contraria
417 2767 528 2836 tutior,
541 2774 572 2827 ct
588 2766 712 2828 omnind
732 2767 873 2826 servanda
894 2768 927 2829 in
947 2772 1043 2848 praxi.
1070 2772 1165 2846 Quane

162 2854 187 2914 si
206 2852 278 2930 quid
295 2849 437 2928 ejusmodi
456 2852 632 2931 eontigerit,
650 2861 680 2911 et
696 2853 849 2911 necessitas
865 2862 989 2930 urgeat,
1003 2873 1166 2916 sacramen·

163 2947 230 2998 tum
252 2935 387 3014 baptismi
413 2936 633 3009 suscitatum,
660 2935 716 2995 surb
748 2935 916 2996 conditione
938 2936 1047 2998 iterdm
1066 2941 1165 3018 perfici

163 3028 290 3099 oportet.
304 3018 390 3093 Qudd
408 3020 432 3079 si
449 3038 496 3080 res
517 3020 687 3096 hujusmodi
700 3020 755 3097 sit,
770 3027 929 3080 utmorem
942 3022 1089 3100 patiatur,
1104 3043 1167 3087 eun·
1234 3042 1238 3049 ·

162 3103 283 3165 sulcuda
298 3114 343 3164 est
358 3103 445 3164 Sedes
458 3105 626 3182 apostolica.
644 3102 720 3165 lbid.

537 3282 783 3343 seminaturum.

202 3449 333 3509 Tenetur
346 3449 504 3527 Episcopus
519 3434 668 3512 assumere
684 3451 739 3513 sibi
758 3453 914 3512 consilium
932 3453 1061 3515 duorum
1075 3455 1168 3518 deca·

165 3529 283 3620 pitulo,
296 3549 425 3606 quorum
444 3533 519 3592 alter
535 3533 572 3592 ab
591 3537 750 3615 Episcopo,
765 3536 870 3597 alteri
889 3538 1018 3615 capitulo
1030 3541 1167 3618 eligatur,
1271 3600 1273 3617 ἦ

163 3615 236 3664 atem
258 3610 387 3672 duorum
406 3614 697 3691 declamabimus,
718 3639 845 3697 quorum
868 3622 988 3681 alterius
1008 3625 1113 3684 electio
1132 3625 1168 3685 ad
1271 3630 1273 3637 '

163 3685 274 3746 clerum
290 3703 417 3770 spectat,
432 3717 499 3774 quae
520 3701 619 3761 omnia
636 3714 707 3764 sunt
723 3723 760 3763 ex
779 3722 843 3785 cap.
858 3706 906 3766 18.
919 3723 990 3767 sess.
1005 3706 1099 3770 tede
1112 3707 1167 3788 ref·
