<?xml version="1.0" encoding="UTF-8"?>
<!DOCTYPE html PUBLIC "-//W3C//DTD XHTML 1.0 Transitional//EN"
    "http://www.w3.org/TR/xhtml1/DTD/xhtml1-transitional.dtd">
<html xmlns="http://www.w3.org/1999/xhtml" xml:lang="en" lang="en">
 <head>
  <title>
</title>
<meta http-equiv="Content-Type" content="text/html;charset=utf-8" />
  <meta name='ocr-system' content='tesseract 3.04.00' />
  <meta name='ocr-capabilities' content='ocr_page ocr_carea ocr_par ocr_line ocrx_word'/>
</head>
<body>
  <div class='ocr_page' id='page_1' title='image "./theologiamorali05heilgoog_0458.png"; bbox 0 0 2642 4167; ppageno 0'>
   <div class='ocr_carea' id='block_1_1' title="bbox 141 172 955 278">
    <p class='ocr_par' dir='ltr' id='par_1_1' title="bbox 141 172 955 278">
     <span class='ocr_line' id='line_1_1' title="bbox 141 172 955 278; baseline -0.007 -17"><span class='ocrx_word' id='word_1_1' title='bbox 141 200 199 261; x_wconf 75' lang='lat' dir='ltr'>tte</span> <span class='ocrx_word' id='word_1_2' title='bbox 329 194 464 278; x_wconf 79' lang='lat' dir='ltr'>Epitome</span> <span class='ocrx_word' id='word_1_3' title='bbox 477 191 616 259; x_wconf 74' lang='grc'><strong>66616666</strong></span> <span class='ocrx_word' id='word_1_4' title='bbox 628 191 750 258; x_wconf 77' lang='grc' dir='ltr'><strong>ιιιοιαὶίι</strong></span> <span class='ocrx_word' id='word_1_5' title='bbox 766 199 796 255; x_wconf 89' lang='lat' dir='ltr'>et</span> <span class='ocrx_word' id='word_1_6' title='bbox 807 172 955 255; x_wconf 71' lang='grc'><strong>66666666</strong></span> 
     </span>
    </p>
   </div>
   <div class='ocr_carea' id='block_1_2' title="bbox 548 379 733 442">
    <p class='ocr_par' dir='ltr' id='par_1_2' title="bbox 548 379 733 442">
     <span class='ocr_line' id='line_1_2' title="bbox 548 379 733 442; baseline 0 -1"><span class='ocrx_word' id='word_1_7' title='bbox 548 379 733 442; x_wconf 75' lang='lat' dir='ltr'>stnootts</span> 
     </span>
    </p>
   </div>
   <div class='ocr_carea' id='block_1_3' title="bbox 80 544 1195 2396">
    <p class='ocr_par' dir='ltr' id='par_1_3' title="bbox 80 544 1181 966">
     <span class='ocr_line' id='line_1_3' title="bbox 183 544 1151 630; baseline 0 -20"><span class='ocrx_word' id='word_1_8' title='bbox 183 549 319 630; x_wconf 79' lang='lat' dir='ltr'>synodus</span> <span class='ocrx_word' id='word_1_9' title='bbox 332 548 492 612; x_wconf 86' lang='lat' dir='ltr'>‹lioecesana</span> <span class='ocrx_word' id='word_1_10' title='bbox 504 565 565 610; x_wconf 93' lang='lat' dir='ltr'>non</span> <span class='ocrx_word' id='word_1_11' title='bbox 580 544 742 608; x_wconf 80' lang='lat' dir='ltr'>necessario</span> <span class='ocrx_word' id='word_1_12' title='bbox 762 545 974 609; x_wconf 73' lang='lat' dir='ltr'><strong>transmittitur</strong></span> <span class='ocrx_word' id='word_1_13' title='bbox 986 549 1024 611; x_wconf 92' lang='lat' dir='ltr'>ad</span> <span class='ocrx_word' id='word_1_14' title='bbox 1040 567 1151 610; x_wconf 89' lang='lat' dir='ltr'>sacram</span> 
     </span>
     <span class='ocr_line' id='line_1_4' title="bbox 144 631 1148 715; baseline -0.004 -19"><span class='ocrx_word' id='word_1_15' title='bbox 144 636 405 715; x_wconf 74' lang='lat' dir='ltr'>congregationem</span> <span class='ocrx_word' id='word_1_16' title='bbox 418 635 538 697; x_wconf 82' lang='lat' dir='ltr'>concilii</span> <span class='ocrx_word' id='word_1_17' title='bbox 552 679 561 706; x_wconf 90' lang='lat'>,</span> <span class='ocrx_word' id='word_1_18' title='bbox 574 640 607 693; x_wconf 90' lang='lat' dir='ltr'>ot</span> <span class='ocrx_word' id='word_1_19' title='bbox 617 631 653 692; x_wconf 92' lang='lat' dir='ltr'>ob</span> <span class='ocrx_word' id='word_1_20' title='bbox 663 632 696 693; x_wconf 79' lang='lat' dir='ltr'>el</span> <span class='ocrx_word' id='word_1_21' title='bbox 709 641 951 710; x_wconf 77' lang='lat' dir='ltr'>recognoscatur,</span> <span class='ocrx_word' id='word_1_22' title='bbox 964 635 1148 706; x_wconf 80' lang='lat' dir='ltr'><strong>emendetur,</strong></span> 
     </span>
     <span class='ocr_line' id='line_1_5' title="bbox 80 717 1181 800; baseline 0 -21"><span class='ocrx_word' id='word_1_23' title='bbox 80 720 86 731; x_wconf 86' lang='lat'>&#39;</span> <span class='ocrx_word' id='word_1_24' title='bbox 145 728 176 780; x_wconf 94' lang='lat' dir='ltr'>et</span> <span class='ocrx_word' id='word_1_25' title='bbox 193 720 384 800; x_wconf 77' lang='lat' dir='ltr'><strong>approbetur.</strong></span> <span class='ocrx_word' id='word_1_26' title='bbox 400 722 444 781; x_wconf 88' lang='lat' dir='ltr'>De</span> <span class='ocrx_word' id='word_1_27' title='bbox 458 718 570 798; x_wconf 86' lang='lat' dir='ltr'>Synod.</span> <span class='ocrx_word' id='word_1_28' title='bbox 583 717 698 778; x_wconf 73' lang='lat' dir='ltr'>dioeces.</span> <span class='ocrx_word' id='word_1_29' title='bbox 716 718 738 777; x_wconf 89' lang='lat'>1.</span> <span class='ocrx_word' id='word_1_30' title='bbox 761 718 810 777; x_wconf 79' lang='lat' dir='ltr'>ts.</span> <span class='ocrx_word' id='word_1_31' title='bbox 827 737 854 777; x_wconf 86' lang='lat' dir='ltr'>c.</span> <span class='ocrx_word' id='word_1_32' title='bbox 869 719 896 778; x_wconf 78' lang='lat'>5.</span> <span class='ocrx_word' id='word_1_33' title='bbox 910 737 942 778; x_wconf 91' lang='grc' dir='ltr'>ιι.</span> <span class='ocrx_word' id='word_1_34' title='bbox 956 719 986 778; x_wconf 89' lang='grc'>6.</span> <span class='ocrx_word' id='word_1_35' title='bbox 998 722 1072 781; x_wconf 88' lang='lat' dir='ltr'>Nam</span> <span class='ocrx_word' id='word_1_36' title='bbox 1086 721 1150 779; x_wconf 87' lang='lat' dir='ltr'>Six·</span> <span class='ocrx_word' id='word_1_37' title='bbox 1178 760 1181 769; x_wconf 43' lang='grc' dir='ltr'>ι</span> 
     </span>
     <span class='ocr_line' id='line_1_6' title="bbox 145 800 1149 881; baseline 0 -19"><span class='ocrx_word' id='word_1_38' title='bbox 145 801 207 863; x_wconf 88' lang='lat' dir='ltr'>tina</span> <span class='ocrx_word' id='word_1_39' title='bbox 228 805 424 875; x_wconf 86' lang='lat' dir='ltr'>constitutio,</span> <span class='ocrx_word' id='word_1_40' title='bbox 447 820 513 881; x_wconf 83' lang='lat' dir='ltr'>qum</span> <span class='ocrx_word' id='word_1_41' title='bbox 539 801 638 862; x_wconf 83' lang='lat' dir='ltr'>offerri</span> <span class='ocrx_word' id='word_1_42' title='bbox 655 800 693 860; x_wconf 91' lang='lat' dir='ltr'>ad</span> <span class='ocrx_word' id='word_1_43' title='bbox 717 800 746 861; x_wconf 90' lang='lat' dir='ltr'>id</span> <span class='ocrx_word' id='word_1_44' title='bbox 767 810 888 879; x_wconf 88' lang='lat' dir='ltr'>posset,</span> <span class='ocrx_word' id='word_1_45' title='bbox 907 800 983 863; x_wconf 87' lang='lat' dir='ltr'>nihil</span> <span class='ocrx_word' id='word_1_46' title='bbox 1005 804 1040 864; x_wconf 74' lang='lat' dir='ltr'>ea</span> <span class='ocrx_word' id='word_1_47' title='bbox 1063 803 1149 877; x_wconf 89' lang='lat' dir='ltr'>dere</span> 
     </span>
     <span class='ocr_line' id='line_1_7' title="bbox 146 885 831 966; baseline -0.004 -20"><span class='ocrx_word' id='word_1_48' title='bbox 146 887 270 959; x_wconf 77' lang='lat' dir='ltr'>statuit,</span> <span class='ocrx_word' id='word_1_49' title='bbox 295 888 350 948; x_wconf 88' lang='lat' dir='ltr'>nisi</span> <span class='ocrx_word' id='word_1_50' title='bbox 374 887 470 966; x_wconf 89' lang='lat' dir='ltr'>quoad</span> <span class='ocrx_word' id='word_1_51' title='bbox 486 886 615 947; x_wconf 88' lang='lat' dir='ltr'>Concilia</span> <span class='ocrx_word' id='word_1_52' title='bbox 628 885 831 962; x_wconf 89' lang='lat' dir='ltr'>provincialia.</span> 
     </span>
    </p>

    <p class='ocr_par' dir='ltr' id='par_1_4' title="bbox 146 970 1157 1559">
     <span class='ocr_line' id='line_1_8' title="bbox 185 970 1152 1050; baseline 0.001 -19"><span class='ocrx_word' id='word_1_53' title='bbox 185 971 413 1032; x_wconf 79' lang='lat' dir='ltr'>constitutiones</span> <span class='ocrx_word' id='word_1_54' title='bbox 431 970 586 1050; x_wconf 79' lang='lat' dir='ltr'>synodales</span> <span class='ocrx_word' id='word_1_55' title='bbox 616 970 716 1030; x_wconf 88' lang='lat' dir='ltr'>atatim</span> <span class='ocrx_word' id='word_1_56' title='bbox 744 987 778 1029; x_wconf 89' lang='lat' dir='ltr'>ac</span> <span class='ocrx_word' id='word_1_57' title='bbox 797 970 1043 1048; x_wconf 87' lang='lat' dir='ltr'>promulgantur,</span> <span class='ocrx_word' id='word_1_58' title='bbox 1061 971 1152 1049; x_wconf 83' lang='lat' dir='ltr'>ligare</span> 
     </span>
     <span class='ocr_line' id='line_1_9' title="bbox 146 1053 1154 1134; baseline 0.001 -19"><span class='ocrx_word' id='word_1_59' title='bbox 146 1053 278 1116; x_wconf 86' lang='lat' dir='ltr'>subditos</span> <span class='ocrx_word' id='word_1_60' title='bbox 291 1055 458 1132; x_wconf 87' lang='lat' dir='ltr'>incipiunt,</span> <span class='ocrx_word' id='word_1_61' title='bbox 472 1070 569 1132; x_wconf 91' lang='lat' dir='ltr'>neque</span> <span class='ocrx_word' id='word_1_62' title='bbox 583 1053 725 1113; x_wconf 89' lang='lat' dir='ltr'>bimestre</span> <span class='ocrx_word' id='word_1_63' title='bbox 740 1053 971 1130; x_wconf 84' lang='lat' dir='ltr'>expectandum,</span> <span class='ocrx_word' id='word_1_64' title='bbox 985 1064 1020 1117; x_wconf 91' lang='lat' dir='ltr'>ut</span> <span class='ocrx_word' id='word_1_65' title='bbox 1037 1056 1075 1116; x_wconf 91' lang='lat' dir='ltr'>de</span> <span class='ocrx_word' id='word_1_66' title='bbox 1088 1056 1154 1134; x_wconf 84' lang='lat' dir='ltr'>legi·</span> 
     </span>
     <span class='ocr_line' id='line_1_10' title="bbox 147 1137 1154 1222; baseline 0 -20"><span class='ocrx_word' id='word_1_67' title='bbox 147 1141 202 1202; x_wconf 85' lang='lat' dir='ltr'>bus</span> <span class='ocrx_word' id='word_1_68' title='bbox 223 1140 426 1221; x_wconf 86' lang='lat' dir='ltr'>imperialibus</span> <span class='ocrx_word' id='word_1_69' title='bbox 448 1139 586 1200; x_wconf 84' lang='lat' dir='ltr'>edicitur.</span> <span class='ocrx_word' id='word_1_70' title='bbox 601 1140 633 1199; x_wconf 83' lang='lat' dir='ltr'>t.</span> <span class='ocrx_word' id='word_1_71' title='bbox 649 1140 736 1220; x_wconf 70' lang='lat' dir='ltr'>Leges</span> <span class='ocrx_word' id='word_1_72' title='bbox 757 1137 975 1201; x_wconf 78' lang='lat' dir='ltr'>sacratissimae.</span> <span class='ocrx_word' id='word_1_73' title='bbox 990 1142 1024 1202; x_wconf 82' lang='lat' dir='ltr'>C.</span> <span class='ocrx_word' id='word_1_74' title='bbox 1042 1140 1077 1202; x_wconf 87' lang='lat' dir='ltr'>de</span> <span class='ocrx_word' id='word_1_75' title='bbox 1097 1140 1154 1222; x_wconf 80' lang='lat' dir='ltr'>lep.</span> 
     </span>
     <span class='ocr_line' id='line_1_11' title="bbox 146 1222 1154 1303; baseline -0.001 -17"><span class='ocrx_word' id='word_1_76' title='bbox 146 1232 176 1286; x_wconf 87' lang='lat' dir='ltr'>et</span> <span class='ocrx_word' id='word_1_77' title='bbox 191 1223 261 1287; x_wconf 79' lang='lat' dir='ltr'>rubr</span> <span class='ocrx_word' id='word_1_78' title='bbox 279 1222 375 1287; x_wconf 80' lang='lat' dir='ltr'>aocet.</span> <span class='ocrx_word' id='word_1_79' title='bbox 390 1226 439 1286; x_wconf 88' lang='grc'>66.</span> <span class='ocrx_word' id='word_1_80' title='bbox 462 1223 544 1286; x_wconf 91' lang='lat' dir='ltr'>etde</span> <span class='ocrx_word' id='word_1_81' title='bbox 567 1222 681 1303; x_wconf 83' lang='lat' dir='ltr'>legibus</span> <span class='ocrx_word' id='word_1_82' title='bbox 705 1222 862 1302; x_wconf 87' lang='lat' dir='ltr'>pontificiis</span> <span class='ocrx_word' id='word_1_83' title='bbox 879 1223 1012 1285; x_wconf 86' lang='lat' dir='ltr'>doctores</span> <span class='ocrx_word' id='word_1_84' title='bbox 1034 1226 1154 1303; x_wconf 87' lang='lat' dir='ltr'>quidam</span> 
     </span>
     <span class='ocr_line' id='line_1_12' title="bbox 147 1309 1154 1390; baseline 0 -18"><span class='ocrx_word' id='word_1_85' title='bbox 147 1320 302 1384; x_wconf 87' lang='lat' dir='ltr'>asserunt,</span> <span class='ocrx_word' id='word_1_86' title='bbox 324 1311 389 1371; x_wconf 88' lang='lat' dir='ltr'>aliis</span> <span class='ocrx_word' id='word_1_87' title='bbox 406 1312 499 1390; x_wconf 87' lang='lat' dir='ltr'>magis</span> <span class='ocrx_word' id='word_1_88' title='bbox 520 1310 719 1370; x_wconf 88' lang='lat' dir='ltr'>communiter</span> <span class='ocrx_word' id='word_1_89' title='bbox 744 1310 944 1386; x_wconf 78' lang='lat' dir='ltr'>negantibus3</span> <span class='ocrx_word' id='word_1_90' title='bbox 967 1309 1042 1372; x_wconf 91' lang='lat' dir='ltr'>nibil</span> <span class='ocrx_word' id='word_1_91' title='bbox 1073 1313 1154 1372; x_wconf 89' lang='lat' dir='ltr'>enim</span> 
     </span>
     <span class='ocr_line' id='line_1_13' title="bbox 147 1392 1157 1472; baseline 0.001 -16"><span class='ocrx_word' id='word_1_92' title='bbox 147 1396 223 1456; x_wconf 89' lang='lat' dir='ltr'>circa</span> <span class='ocrx_word' id='word_1_93' title='bbox 243 1394 299 1456; x_wconf 90' lang='lat' dir='ltr'>hoe</span> <span class='ocrx_word' id='word_1_94' title='bbox 312 1395 451 1455; x_wconf 82' lang='lat' dir='ltr'>statuitur</span> <span class='ocrx_word' id='word_1_95' title='bbox 474 1393 510 1453; x_wconf 92' lang='lat' dir='ltr'>de</span> <span class='ocrx_word' id='word_1_96' title='bbox 535 1393 648 1472; x_wconf 81' lang='lat' dir='ltr'>legibus</span> <span class='ocrx_word' id='word_1_97' title='bbox 662 1392 700 1452; x_wconf 89' lang='lat' dir='ltr'>ab</span> <span class='ocrx_word' id='word_1_98' title='bbox 722 1392 911 1453; x_wconf 88' lang='lat' dir='ltr'>inferioribus</span> <span class='ocrx_word' id='word_1_99' title='bbox 933 1393 1022 1469; x_wconf 87' lang='lat' dir='ltr'>latis,</span> <span class='ocrx_word' id='word_1_100' title='bbox 1040 1403 1075 1456; x_wconf 90' lang='lat' dir='ltr'>ut</span> <span class='ocrx_word' id='word_1_101' title='bbox 1092 1413 1157 1457; x_wconf 89' lang='lat' dir='ltr'>mo·</span> 
     </span>
     <span class='ocr_line' id='line_1_14' title="bbox 148 1476 955 1559; baseline -0.002 -21"><span class='ocrx_word' id='word_1_102' title='bbox 148 1480 309 1539; x_wconf 78' lang='lat' dir='ltr'>mentiti).</span> <span class='ocrx_word' id='word_1_103' title='bbox 327 1478 435 1557; x_wconf 88' lang='lat' dir='ltr'>plures.</span> <span class='ocrx_word' id='word_1_104' title='bbox 451 1479 494 1537; x_wconf 90' lang='lat' dir='ltr'>De</span> <span class='ocrx_word' id='word_1_105' title='bbox 504 1478 577 1555; x_wconf 88' lang='lat' dir='ltr'>Syn.</span> <span class='ocrx_word' id='word_1_106' title='bbox 593 1476 678 1536; x_wconf 89' lang='lat' dir='ltr'>dioec.</span> <span class='ocrx_word' id='word_1_107' title='bbox 694 1477 717 1536; x_wconf 88' lang='lat' dir='ltr'>l.</span> <span class='ocrx_word' id='word_1_108' title='bbox 735 1477 785 1559; x_wconf 62' lang='grc' dir='ltr'>15ἑ</span> <span class='ocrx_word' id='word_1_109' title='bbox 793 1493 820 1535; x_wconf 84' lang='grc'>6.</span> <span class='ocrx_word' id='word_1_110' title='bbox 833 1478 863 1539; x_wconf 82' lang='grc'>1.</span> <span class='ocrx_word' id='word_1_111' title='bbox 878 1495 909 1536; x_wconf 94' lang='grc' dir='ltr'>ιι.</span> <span class='ocrx_word' id='word_1_112' title='bbox 923 1479 955 1537; x_wconf 78' lang='lat'>2.</span> 
     </span>
    </p>

    <p class='ocr_par' dir='ltr' id='par_1_5' title="bbox 149 1559 1195 2396">
     <span class='ocr_line' id='line_1_15' title="bbox 186 1559 1152 1641; baseline 0.001 -20"><span class='ocrx_word' id='word_1_113' title='bbox 186 1563 343 1641; x_wconf 80' lang='lat' dir='ltr'>Regulares</span> <span class='ocrx_word' id='word_1_114' title='bbox 365 1562 453 1622; x_wconf 90' lang='lat' dir='ltr'>etiam</span> <span class='ocrx_word' id='word_1_115' title='bbox 472 1559 671 1637; x_wconf 85' lang='lat' dir='ltr'>subjiciuntur</span> <span class='ocrx_word' id='word_1_116' title='bbox 694 1559 809 1638; x_wconf 86' lang='lat' dir='ltr'>legibus</span> <span class='ocrx_word' id='word_1_117' title='bbox 830 1560 1020 1639; x_wconf 83' lang='lat' dir='ltr'>synodalibus</span> <span class='ocrx_word' id='word_1_118' title='bbox 1042 1562 1075 1622; x_wconf 91' lang='lat' dir='ltr'>in</span> <span class='ocrx_word' id='word_1_119' title='bbox 1096 1562 1152 1633; x_wconf 90' lang='lat' dir='ltr'>iis,</span> 
     </span>
     <span class='ocr_line' id='line_1_16' title="bbox 149 1645 1156 1726; baseline 0 -20"><span class='ocrx_word' id='word_1_120' title='bbox 149 1665 215 1726; x_wconf 77' lang='lat' dir='ltr'>quoe</span> <span class='ocrx_word' id='word_1_121' title='bbox 236 1647 395 1725; x_wconf 87' lang='lat' dir='ltr'>respiciunt</span> <span class='ocrx_word' id='word_1_122' title='bbox 419 1663 519 1707; x_wconf 91' lang='lat' dir='ltr'>curam</span> <span class='ocrx_word' id='word_1_123' title='bbox 540 1645 728 1718; x_wconf 88' lang='lat' dir='ltr'>animarum,</span> <span class='ocrx_word' id='word_1_124' title='bbox 751 1653 781 1703; x_wconf 91' lang='lat' dir='ltr'>et</span> <span class='ocrx_word' id='word_1_125' title='bbox 799 1655 1050 1706; x_wconf 87' lang='lat' dir='ltr'>sacramentorum</span> <span class='ocrx_word' id='word_1_126' title='bbox 1063 1646 1156 1706; x_wconf 88' lang='lat' dir='ltr'>admi·</span> 
     </span>
     <span class='ocr_line' id='line_1_17' title="bbox 149 1725 1156 1808; baseline 0 -17"><span class='ocrx_word' id='word_1_127' title='bbox 149 1731 356 1792; x_wconf 86' lang='lat' dir='ltr'>nistretionem</span> <span class='ocrx_word' id='word_1_128' title='bbox 366 1775 375 1802; x_wconf 90' lang='lat'>,</span> <span class='ocrx_word' id='word_1_129' title='bbox 387 1748 422 1790; x_wconf 87' lang='lat' dir='ltr'>ex</span> <span class='ocrx_word' id='word_1_130' title='bbox 430 1729 513 1790; x_wconf 82' lang='lat' dir='ltr'>frid.</span> <span class='ocrx_word' id='word_1_131' title='bbox 523 1747 591 1789; x_wconf 90' lang='lat' dir='ltr'>sess.</span> <span class='ocrx_word' id='word_1_132' title='bbox 599 1732 649 1791; x_wconf 74' lang='lat' dir='ltr'>fb.</span> <span class='ocrx_word' id='word_1_133' title='bbox 663 1747 725 1807; x_wconf 89' lang='lat' dir='ltr'>cop.</span> <span class='ocrx_word' id='word_1_134' title='bbox 740 1729 788 1788; x_wconf 88' lang='lat' dir='ltr'>tt.</span> <span class='ocrx_word' id='word_1_135' title='bbox 798 1725 832 1788; x_wconf 84' lang='lat' dir='ltr'>de</span> <span class='ocrx_word' id='word_1_136' title='bbox 841 1726 1156 1808; x_wconf 76' lang='lat' dir='ltr'>repufonbcs,qoam-</span> 
     </span>
     <span class='ocr_line' id='line_1_18' title="bbox 150 1811 1195 1888; baseline 0.003 -16"><span class='ocrx_word' id='word_1_137' title='bbox 150 1815 196 1874; x_wconf 86' lang='lat' dir='ltr'>vis</span> <span class='ocrx_word' id='word_1_138' title='bbox 220 1813 303 1874; x_wconf 82' lang='lat' dir='ltr'>sectis</span> <span class='ocrx_word' id='word_1_139' title='bbox 325 1815 364 1875; x_wconf 87' lang='lat' dir='ltr'>sit</span> <span class='ocrx_word' id='word_1_140' title='bbox 384 1815 416 1874; x_wconf 90' lang='lat' dir='ltr'>in</span> <span class='ocrx_word' id='word_1_141' title='bbox 435 1813 517 1888; x_wconf 91' lang='lat' dir='ltr'>aliis,</span> <span class='ocrx_word' id='word_1_142' title='bbox 534 1811 586 1873; x_wconf 90' lang='lat' dir='ltr'>sed</span> <span class='ocrx_word' id='word_1_143' title='bbox 613 1812 650 1872; x_wconf 90' lang='lat' dir='ltr'>ad</span> <span class='ocrx_word' id='word_1_144' title='bbox 668 1811 834 1873; x_wconf 87' lang='lat' dir='ltr'>evitandam</span> <span class='ocrx_word' id='word_1_145' title='bbox 858 1811 1075 1874; x_wconf 78' lang='lat' dir='ltr'>deformitatem</span> <span class='ocrx_word' id='word_1_146' title='bbox 1094 1830 1156 1873; x_wconf 88' lang='lat' dir='ltr'>sese</span> <span class='ocrx_word' id='word_1_147' title='bbox 1193 1872 1195 1875; x_wconf 81' lang='grc'><strong>,</strong></span> 
     </span>
     <span class='ocr_line' id='line_1_19' title="bbox 149 1895 1157 1976; baseline -0.001 -19"><span class='ocrx_word' id='word_1_148' title='bbox 149 1897 209 1957; x_wconf 85' lang='lat' dir='ltr'>sslis</span> <span class='ocrx_word' id='word_1_149' title='bbox 239 1897 422 1957; x_wconf 80' lang='lat' dir='ltr'>conforment</span> <span class='ocrx_word' id='word_1_150' title='bbox 446 1904 580 1976; x_wconf 86' lang='lat' dir='ltr'>oportet,</span> <span class='ocrx_word' id='word_1_151' title='bbox 606 1915 666 1956; x_wconf 93' lang='lat' dir='ltr'>non</span> <span class='ocrx_word' id='word_1_152' title='bbox 693 1905 791 1956; x_wconf 87' lang='lat' dir='ltr'>tamen</span> <span class='ocrx_word' id='word_1_153' title='bbox 814 1895 868 1955; x_wconf 91' lang='lat' dir='ltr'>sub</span> <span class='ocrx_word' id='word_1_154' title='bbox 892 1896 972 1974; x_wconf 85' lang='lat' dir='ltr'>gravi</span> <span class='ocrx_word' id='word_1_155' title='bbox 999 1902 1047 1956; x_wconf 85' lang='lat' dir='ltr'>eos</span> <span class='ocrx_word' id='word_1_156' title='bbox 1064 1897 1157 1974; x_wconf 83' lang='lat' dir='ltr'>negli-</span> 
     </span>
     <span class='ocr_line' id='line_1_20' title="bbox 150 1980 1156 2059; baseline 0 -19"><span class='ocrx_word' id='word_1_157' title='bbox 150 1989 275 2059; x_wconf 80' lang='lat' dir='ltr'>gerent,</span> <span class='ocrx_word' id='word_1_158' title='bbox 296 1989 417 2041; x_wconf 86' lang='lat' dir='ltr'>notante</span> <span class='ocrx_word' id='word_1_159' title='bbox 430 1980 549 2042; x_wconf 77' lang='lat' dir='ltr'>Scorto.</span> <span class='ocrx_word' id='word_1_160' title='bbox 562 1984 667 2042; x_wconf 88' lang='lat' dir='ltr'>Censet</span> <span class='ocrx_word' id='word_1_161' title='bbox 688 1988 787 2040; x_wconf 88' lang='lat' dir='ltr'>tamen</span> <span class='ocrx_word' id='word_1_162' title='bbox 811 1980 945 2039; x_wconf 82' lang='lat' dir='ltr'>Pontifex</span> <span class='ocrx_word' id='word_1_163' title='bbox 960 1990 1062 2041; x_wconf 85' lang='lat' dir='ltr'>contra</span> <span class='ocrx_word' id='word_1_164' title='bbox 1080 1992 1156 2040; x_wconf 57' lang='lat' dir='ltr'>noni</span> 
     </span>
     <span class='ocr_line' id='line_1_21' title="bbox 152 2063 1154 2142; baseline 0.001 -19"><span class='ocrx_word' id='word_1_165' title='bbox 152 2064 249 2123; x_wconf 88' lang='lat' dir='ltr'>nullos</span> <span class='ocrx_word' id='word_1_166' title='bbox 266 2064 438 2141; x_wconf 77' lang='lat' dir='ltr'>regulares,</span> <span class='ocrx_word' id='word_1_167' title='bbox 458 2067 594 2142; x_wconf 87' lang='lat' dir='ltr'>quamvis</span> <span class='ocrx_word' id='word_1_168' title='bbox 614 2075 772 2126; x_wconf 87' lang='lat' dir='ltr'>teneantur</span> <span class='ocrx_word' id='word_1_169' title='bbox 796 2063 833 2123; x_wconf 92' lang='lat' dir='ltr'>ad</span> <span class='ocrx_word' id='word_1_170' title='bbox 852 2064 922 2123; x_wconf 89' lang='lat' dir='ltr'>festa</span> <span class='ocrx_word' id='word_1_171' title='bbox 943 2063 1097 2124; x_wconf 88' lang='lat' dir='ltr'>dioeceseos</span> <span class='ocrx_word' id='word_1_172' title='bbox 1118 2082 1154 2124; x_wconf 85' lang='lat' dir='ltr'>ex</span> 
     </span>
     <span class='ocr_line' id='line_1_22' title="bbox 151 2145 1153 2228; baseline 0.002 -22"><span class='ocrx_word' id='word_1_173' title='bbox 151 2145 235 2206; x_wconf 84' lang='lat' dir='ltr'>Trid.</span> <span class='ocrx_word' id='word_1_174' title='bbox 248 2163 316 2205; x_wconf 89' lang='lat' dir='ltr'>sess.</span> <span class='ocrx_word' id='word_1_175' title='bbox 334 2148 383 2205; x_wconf 73' lang='grc'>26.</span> <span class='ocrx_word' id='word_1_176' title='bbox 400 2166 425 2205; x_wconf 92' lang='lat' dir='ltr'>c.</span> <span class='ocrx_word' id='word_1_177' title='bbox 441 2148 488 2206; x_wconf 78' lang='grc'>12.</span> <span class='ocrx_word' id='word_1_178' title='bbox 502 2147 538 2208; x_wconf 87' lang='lat' dir='ltr'>de</span> <span class='ocrx_word' id='word_1_179' title='bbox 549 2145 655 2228; x_wconf 62' lang='lat' dir='ltr'>regul„</span> <span class='ocrx_word' id='word_1_180' title='bbox 672 2166 733 2208; x_wconf 88' lang='lat' dir='ltr'>non</span> <span class='ocrx_word' id='word_1_181' title='bbox 754 2157 852 2207; x_wconf 91' lang='lat' dir='ltr'>tamen</span> <span class='ocrx_word' id='word_1_182' title='bbox 872 2147 965 2212; x_wconf 77' lang='lat' dir='ltr'>teneri</span> <span class='ocrx_word' id='word_1_183' title='bbox 988 2149 1025 2209; x_wconf 90' lang='lat' dir='ltr'>ad</span> <span class='ocrx_word' id='word_1_184' title='bbox 1040 2146 1153 2224; x_wconf 86' lang='lat' dir='ltr'>jejunia</span> 
     </span>
     <span class='ocr_line' id='line_1_23' title="bbox 151 2228 1152 2309; baseline 0.001 -21"><span class='ocrx_word' id='word_1_185' title='bbox 151 2228 188 2289; x_wconf 91' lang='lat' dir='ltr'>ab</span> <span class='ocrx_word' id='word_1_186' title='bbox 203 2230 345 2306; x_wconf 85' lang='lat' dir='ltr'>Episcopo</span> <span class='ocrx_word' id='word_1_187' title='bbox 359 2228 484 2305; x_wconf 89' lang='lat' dir='ltr'>indicte,</span> <span class='ocrx_word' id='word_1_188' title='bbox 506 2230 562 2289; x_wconf 90' lang='lat' dir='ltr'>nisi</span> <span class='ocrx_word' id='word_1_189' title='bbox 576 2232 632 2290; x_wconf 88' lang='lat' dir='ltr'>alia</span> <span class='ocrx_word' id='word_1_190' title='bbox 656 2230 837 2292; x_wconf 90' lang='lat' dir='ltr'>consuetudo</span> <span class='ocrx_word' id='word_1_191' title='bbox 856 2232 888 2290; x_wconf 93' lang='lat' dir='ltr'>in</span> <span class='ocrx_word' id='word_1_192' title='bbox 903 2230 1073 2309; x_wconf 90' lang='lat' dir='ltr'>quibusdam</span> <span class='ocrx_word' id='word_1_193' title='bbox 1088 2248 1152 2289; x_wconf 93' lang='lat' dir='ltr'>mo·</span> 
     </span>
     <span class='ocr_line' id='line_1_24' title="bbox 151 2311 1154 2396; baseline -0.001 -22"><span class='ocrx_word' id='word_1_194' title='bbox 151 2314 284 2375; x_wconf 87' lang='lat' dir='ltr'>nasteriis</span> <span class='ocrx_word' id='word_1_195' title='bbox 294 2311 370 2374; x_wconf 77' lang='lat' dir='ltr'>forte</span> <span class='ocrx_word' id='word_1_196' title='bbox 383 2312 562 2374; x_wconf 84' lang='lat' dir='ltr'>invaluisset.</span> <span class='ocrx_word' id='word_1_197' title='bbox 573 2317 616 2375; x_wconf 86' lang='lat' dir='ltr'>De</span> <span class='ocrx_word' id='word_1_198' title='bbox 631 2314 899 2396; x_wconf 78' lang='lat' dir='ltr'>Syn.dioec.l.15.</span> <span class='ocrx_word' id='word_1_199' title='bbox 916 2333 942 2374; x_wconf 86' lang='lat' dir='ltr'>e.</span> <span class='ocrx_word' id='word_1_200' title='bbox 957 2316 985 2375; x_wconf 83' lang='lat' dir='ltr'>t.</span> <span class='ocrx_word' id='word_1_201' title='bbox 999 2331 1030 2373; x_wconf 90' lang='grc' dir='ltr'>ιι.</span> <span class='ocrx_word' id='word_1_202' title='bbox 1041 2315 1070 2373; x_wconf 77' lang='lat' dir='ltr'>b.</span> <span class='ocrx_word' id='word_1_203' title='bbox 1085 2323 1116 2374; x_wconf 90' lang='lat' dir='ltr'>et</span> <span class='ocrx_word' id='word_1_204' title='bbox 1124 2316 1154 2374; x_wconf 93' lang='grc'>6.</span> 
     </span>
    </p>
   </div>
   <div class='ocr_carea' id='block_1_4' title="bbox 565 2485 743 2547">
    <p class='ocr_par' dir='ltr' id='par_1_6' title="bbox 565 2485 743 2547">
     <span class='ocr_line' id='line_1_25' title="bbox 565 2485 743 2547; baseline -0.011 0"><span class='ocrx_word' id='word_1_205' title='bbox 565 2485 743 2547; x_wconf 73' lang='lat' dir='ltr'>sabaeos.</span> 
     </span>
    </p>
   </div>
   <div class='ocr_carea' id='block_1_5' title="bbox 125 2651 1166 3062">
    <p class='ocr_par' dir='ltr' id='par_1_7' title="bbox 125 2651 1166 3062">
     <span class='ocr_line' id='line_1_26' title="bbox 190 2651 1157 2735; baseline 0.001 -22"><span class='ocrx_word' id='word_1_206' title='bbox 190 2651 337 2716; x_wconf 78' lang='lat' dir='ltr'>‘fabacura</span> <span class='ocrx_word' id='word_1_207' title='bbox 350 2670 402 2735; x_wconf 93' lang='lat' dir='ltr'>pcr</span> <span class='ocrx_word' id='word_1_208' title='bbox 413 2671 499 2714; x_wconf 91' lang='lat' dir='ltr'>nares</span> <span class='ocrx_word' id='word_1_209' title='bbox 511 2652 645 2728; x_wconf 83' lang='lat' dir='ltr'>trahere,</span> <span class='ocrx_word' id='word_1_210' title='bbox 657 2656 705 2716; x_wconf 82' lang='lat' dir='ltr'>vel</span> <span class='ocrx_word' id='word_1_211' title='bbox 717 2653 779 2732; x_wconf 85' lang='lat' dir='ltr'>ejus</span> <span class='ocrx_word' id='word_1_212' title='bbox 791 2652 907 2714; x_wconf 89' lang='lat' dir='ltr'>fumum</span> <span class='ocrx_word' id='word_1_213' title='bbox 924 2652 956 2713; x_wconf 89' lang='lat' dir='ltr'>iu</span> <span class='ocrx_word' id='word_1_214' title='bbox 973 2670 1006 2714; x_wconf 94' lang='lat' dir='ltr'>os</span> <span class='ocrx_word' id='word_1_215' title='bbox 1018 2651 1157 2714; x_wconf 90' lang='lat' dir='ltr'>inducere</span> 
     </span>
     <span class='ocr_line' id='line_1_27' title="bbox 152 2737 1166 2817; baseline 0.001 -21"><span class='ocrx_word' id='word_1_216' title='bbox 152 2742 220 2797; x_wconf 89' lang='lat' dir='ltr'>ante</span> <span class='ocrx_word' id='word_1_217' title='bbox 244 2738 338 2798; x_wconf 81' lang='lat' dir='ltr'>missac</span> <span class='ocrx_word' id='word_1_218' title='bbox 356 2737 604 2811; x_wconf 84' lang='lat' dir='ltr'>celebrationem,</span> <span class='ocrx_word' id='word_1_219' title='bbox 623 2740 670 2799; x_wconf 86' lang='lat' dir='ltr'>vcl</span> <span class='ocrx_word' id='word_1_220' title='bbox 685 2737 901 2800; x_wconf 86' lang='lat' dir='ltr'>communionis</span> <span class='ocrx_word' id='word_1_221' title='bbox 918 2739 1166 2817; x_wconf 80' lang='lat' dir='ltr'>perceptionem„</span> 
     </span>
     <span class='ocr_line' id='line_1_28' title="bbox 153 2818 1165 2899; baseline -0.004 -18"><span class='ocrx_word' id='word_1_222' title='bbox 153 2838 338 2899; x_wconf 85' lang='lat' dir='ltr'>nequaquam</span> <span class='ocrx_word' id='word_1_223' title='bbox 359 2821 594 2883; x_wconf 90' lang='lat' dir='ltr'>interdicendum</span> <span class='ocrx_word' id='word_1_224' title='bbox 613 2831 712 2884; x_wconf 90' lang='lat' dir='ltr'>censet</span> <span class='ocrx_word' id='word_1_225' title='bbox 727 2820 879 2891; x_wconf 87' lang='lat' dir='ltr'>Pontifex,</span> <span class='ocrx_word' id='word_1_226' title='bbox 890 2838 988 2898; x_wconf 92' lang='lat' dir='ltr'>neque</span> <span class='ocrx_word' id='word_1_227' title='bbox 1002 2818 1165 2895; x_wconf 52' lang='lat' dir='ltr'>prohibens</span> 
     </span>
     <span class='ocr_line' id='line_1_29' title="bbox 125 2901 1160 2986; baseline -0.001 -23"><span class='ocrx_word' id='word_1_228' title='bbox 125 2914 128 2929; x_wconf 69' lang='lat'><strong>⁴</strong></span> <span class='ocrx_word' id='word_1_229' title='bbox 152 2903 226 2963; x_wconf 88' lang='lat' dir='ltr'>dum</span> <span class='ocrx_word' id='word_1_230' title='bbox 241 2902 372 2980; x_wconf 83' lang='lat' dir='ltr'>judicat,</span> <span class='ocrx_word' id='word_1_231' title='bbox 398 2902 465 2965; x_wconf 85' lang='lat' dir='ltr'>edm</span> <span class='ocrx_word' id='word_1_232' title='bbox 485 2905 524 2965; x_wconf 95' lang='lat' dir='ltr'>ob</span> <span class='ocrx_word' id='word_1_233' title='bbox 543 2915 707 2986; x_wconf 88' lang='lat' dir='ltr'>receptam,</span> <span class='ocrx_word' id='word_1_234' title='bbox 732 2922 764 2966; x_wconf 88' lang='lat' dir='ltr'>ac</span> <span class='ocrx_word' id='word_1_235' title='bbox 793 2904 995 2982; x_wconf 78' lang='lat' dir='ltr'>pervulgatam</span> <span class='ocrx_word' id='word_1_236' title='bbox 1012 2901 1160 2980; x_wconf 65' lang='lat' dir='ltr'>ejusmodi¹</span> 
     </span>
     <span class='ocr_line' id='line_1_30' title="bbox 152 2985 1158 3062; baseline 0 -16"><span class='ocrx_word' id='word_1_237' title='bbox 152 2986 413 3060; x_wconf 89' lang='lat' dir='ltr'>consuetudinem,</span> <span class='ocrx_word' id='word_1_238' title='bbox 438 2990 534 3049; x_wconf 91' lang='lat' dir='ltr'>omnis</span> <span class='ocrx_word' id='word_1_239' title='bbox 548 2989 579 3050; x_wconf 93' lang='lat' dir='ltr'>in</span> <span class='ocrx_word' id='word_1_240' title='bbox 599 2991 633 3051; x_wconf 78' lang='lat' dir='ltr'>eb</span> <span class='ocrx_word' id='word_1_241' title='bbox 651 3010 685 3051; x_wconf 92' lang='lat' dir='ltr'>re</span> <span class='ocrx_word' id='word_1_242' title='bbox 706 2986 795 3050; x_wconf 79' lang='lat' dir='ltr'>modo</span> <span class='ocrx_word' id='word_1_243' title='bbox 819 2988 895 3048; x_wconf 87' lang='lat' dir='ltr'>obsit</span> <span class='ocrx_word' id='word_1_244' title='bbox 918 2985 1108 3062; x_wconf 88' lang='lat' dir='ltr'>inhonestas,</span> <span class='ocrx_word' id='word_1_245' title='bbox 1127 2994 1158 3047; x_wconf 91' lang='lat' dir='ltr'>et</span> 
     </span>
    </p>
   </div>
   <div class='ocr_carea' id='block_1_6' title="bbox 154 3070 907 3151">
    <p class='ocr_par' dir='ltr' id='par_1_8' title="bbox 154 3070 907 3151">
     <span class='ocr_line' id='line_1_31' title="bbox 154 3070 907 3151; baseline 0 -20"><span class='ocrx_word' id='word_1_246' title='bbox 154 3070 331 3132; x_wconf 86' lang='lat' dir='ltr'>indecentia.</span> <span class='ocrx_word' id='word_1_247' title='bbox 345 3073 389 3132; x_wconf 90' lang='lat' dir='ltr'>De</span> <span class='ocrx_word' id='word_1_248' title='bbox 402 3073 476 3151; x_wconf 86' lang='lat' dir='ltr'>Syn.</span> <span class='ocrx_word' id='word_1_249' title='bbox 489 3073 574 3135; x_wconf 89' lang='lat' dir='ltr'>dioee.</span> <span class='ocrx_word' id='word_1_250' title='bbox 585 3075 639 3135; x_wconf 91' lang='lat' dir='ltr'>lib.</span> <span class='ocrx_word' id='word_1_251' title='bbox 655 3077 704 3135; x_wconf 84' lang='lat' dir='ltr'>tt.</span> <span class='ocrx_word' id='word_1_252' title='bbox 719 3092 746 3134; x_wconf 88' lang='lat' dir='ltr'>c.</span> <span class='ocrx_word' id='word_1_253' title='bbox 767 3072 817 3132; x_wconf 81' lang='grc'>15.</span> <span class='ocrx_word' id='word_1_254' title='bbox 831 3091 863 3132; x_wconf 91' lang='grc' dir='ltr'>ιι.</span> <span class='ocrx_word' id='word_1_255' title='bbox 877 3073 907 3132; x_wconf 80' lang='grc'>5.</span> 
     </span>
    </p>
   </div>
   <div class='ocr_carea' id='block_1_7' title="bbox 521 3241 742 3303">
    <p class='ocr_par' dir='ltr' id='par_1_9' title="bbox 521 3241 742 3303">
     <span class='ocr_line' id='line_1_32' title="bbox 521 3241 742 3303; baseline -0.014 -2"><span class='ocrx_word' id='word_1_256' title='bbox 521 3241 742 3303; x_wconf 76' lang='lat' dir='ltr'><strong>TERTIARIAE.</strong></span> 
     </span>
    </p>
   </div>
   <div class='ocr_carea' id='block_1_8' title="bbox 153 3402 1161 3656">
    <p class='ocr_par' dir='ltr' id='par_1_10' title="bbox 153 3402 1161 3656">
     <span class='ocr_line' id='line_1_33' title="bbox 193 3402 1161 3489; baseline 0.008 -28"><span class='ocrx_word' id='word_1_257' title='bbox 193 3402 367 3464; x_wconf 78' lang='lat' dir='ltr'>Melioribus</span> <span class='ocrx_word' id='word_1_258' title='bbox 381 3406 534 3468; x_wconf 76' lang='lat' dir='ltr'>&#39;l&#39;ertioriis</span> <span class='ocrx_word' id='word_1_259' title='bbox 546 3427 608 3470; x_wconf 91' lang='lat' dir='ltr'>non</span> <span class='ocrx_word' id='word_1_260' title='bbox 620 3408 810 3489; x_wconf 86' lang='lat' dir='ltr'>collegioliter</span> <span class='ocrx_word' id='word_1_261' title='bbox 827 3407 996 3469; x_wconf 89' lang='lat' dir='ltr'>viventibus</span> <span class='ocrx_word' id='word_1_262' title='bbox 1016 3426 1078 3470; x_wconf 91' lang='lat' dir='ltr'>non</span> <span class='ocrx_word' id='word_1_263' title='bbox 1091 3424 1161 3488; x_wconf 90' lang='lat' dir='ltr'>pos·</span> 
     </span>
     <span class='ocr_line' id='line_1_34' title="bbox 155 3486 1160 3572; baseline 0.014 -35"><span class='ocrx_word' id='word_1_264' title='bbox 155 3493 224 3540; x_wconf 85' lang='lat' dir='ltr'>sunt</span> <span class='ocrx_word' id='word_1_265' title='bbox 238 3486 387 3561; x_wconf 87' lang='lat' dir='ltr'>regulares</span> <span class='ocrx_word' id='word_1_266' title='bbox 398 3489 469 3549; x_wconf 89' lang='lat' dir='ltr'>dare</span> <span class='ocrx_word' id='word_1_267' title='bbox 487 3490 621 3554; x_wconf 87' lang='lat' dir='ltr'>habitum</span> <span class='ocrx_word' id='word_1_268' title='bbox 631 3494 678 3553; x_wconf 92' lang='lat' dir='ltr'>sui</span> <span class='ocrx_word' id='word_1_269' title='bbox 691 3493 804 3553; x_wconf 89' lang='lat' dir='ltr'>ordinis</span> <span class='ocrx_word' id='word_1_270' title='bbox 819 3492 883 3552; x_wconf 90' lang='lat' dir='ltr'>sine</span> <span class='ocrx_word' id='word_1_271' title='bbox 897 3492 1017 3554; x_wconf 67' lang='lat' dir='ltr'>licentis</span> <span class='ocrx_word' id='word_1_272' title='bbox 1027 3491 1160 3572; x_wconf 85' lang='lat' dir='ltr'>Episcopi</span> 
     </span>
     <span class='ocr_line' id='line_1_35' title="bbox 153 3560 1161 3656; baseline 0.02 -40"><span class='ocrx_word' id='word_1_273' title='bbox 153 3560 325 3639; x_wconf 87' lang='lat' dir='ltr'>dioecesani,</span> <span class='ocrx_word' id='word_1_274' title='bbox 347 3572 394 3630; x_wconf 90' lang='lat' dir='ltr'>cui</span> <span class='ocrx_word' id='word_1_275' title='bbox 420 3572 529 3637; x_wconf 84' lang='lat' dir='ltr'>debent</span> <span class='ocrx_word' id='word_1_276' title='bbox 548 3575 606 3637; x_wconf 79' lang='lat' dir='ltr'>rite</span> <span class='ocrx_word' id='word_1_277' title='bbox 621 3576 767 3655; x_wconf 83' lang='lat' dir='ltr'>probare,</span> <span class='ocrx_word' id='word_1_278' title='bbox 786 3575 895 3639; x_wconf 86' lang='lat' dir='ltr'>babere</span> <span class='ocrx_word' id='word_1_279' title='bbox 915 3593 947 3636; x_wconf 89' lang='lat' dir='ltr'>se</span> <span class='ocrx_word' id='word_1_280' title='bbox 962 3575 1020 3637; x_wconf 89' lang='lat' dir='ltr'>boc</span> <span class='ocrx_word' id='word_1_281' title='bbox 1038 3576 1161 3656; x_wconf 87' lang='lat' dir='ltr'>privile·</span> 
     </span>
    </p>
   </div>
   <div class='ocr_carea' id='block_1_9' title="bbox 0 0 1342 4167">
    <p class='ocr_par' dir='ltr' id='par_1_11' title="bbox 0 0 1342 4167">
     <span class='ocr_line' id='line_1_36' title="bbox 0 0 1342 4167; baseline 0 0"><span class='ocrx_word' id='word_1_282' title='bbox 0 0 1342 4167; x_wconf 95' lang='lat' dir='ltr'> </span> 
     </span>
    </p>
   </div>
  </div>
 </body>
</html>
