<?xml version="1.0" encoding="UTF-8"?>
<!DOCTYPE html PUBLIC "-//W3C//DTD XHTML 1.0 Transitional//EN"
    "http://www.w3.org/TR/xhtml1/DTD/xhtml1-transitional.dtd">
<html xmlns="http://www.w3.org/1999/xhtml" xml:lang="en" lang="en">
 <head>
  <title>
</title>
<meta http-equiv="Content-Type" content="text/html;charset=utf-8" />
  <meta name='ocr-system' content='tesseract 3.04.00' />
  <meta name='ocr-capabilities' content='ocr_page ocr_carea ocr_par ocr_line ocrx_word'/>
</head>
<body>
  <div class='ocr_page' id='page_1' title='image "./theologiamorali05heilgoog_0333.png"; bbox 0 0 2642 4167; ppageno 0'>
   <div class='ocr_carea' id='block_1_1' title="bbox 122 231 1164 996">
    <p class='ocr_par' dir='ltr' id='par_1_1' title="bbox 122 231 1164 996">
     <span class='ocr_line' id='line_1_1' title="bbox 429 231 1164 311; baseline 0.005 -19"><span class='ocrx_word' id='word_1_1' title='bbox 429 234 478 292; x_wconf 77' lang='lat' dir='ltr'><strong>En</strong></span> <span class='ocrx_word' id='word_1_2' title='bbox 494 231 628 311; x_wconf 86' lang='lat' dir='ltr'><strong>operibns</strong></span> <span class='ocrx_word' id='word_1_3' title='bbox 642 231 794 292; x_wconf 72' lang='lat' dir='ltr'><em>Benedicti</em></span> <span class='ocrx_word' id='word_1_4' title='bbox 802 234 892 294; x_wconf 84' lang='lat' dir='ltr'><strong><em>XIV.</em></strong></span> <span class='ocrx_word' id='word_1_5' title='bbox 1107 237 1164 296; x_wconf 74' lang='grc'><strong>599</strong></span> 
     </span>
     <span class='ocr_line' id='line_1_2' title="bbox 156 332 1164 414; baseline 0.001 -20"><span class='ocrx_word' id='word_1_6' title='bbox 156 332 267 414; x_wconf 83' lang='lat' dir='ltr'><strong>qttendi</strong></span> <span class='ocrx_word' id='word_1_7' title='bbox 293 333 324 391; x_wconf 91' lang='lat' dir='ltr'><strong>in</strong></span> <span class='ocrx_word' id='word_1_8' title='bbox 345 350 377 390; x_wconf 87' lang='lat' dir='ltr'><strong>sc</strong></span> <span class='ocrx_word' id='word_1_9' title='bbox 398 333 543 410; x_wconf 79' lang='lat' dir='ltr'><strong>suscipere</strong></span> <span class='ocrx_word' id='word_1_10' title='bbox 569 332 671 407; x_wconf 85' lang='lat' dir='ltr'><strong>debot;</strong></span> <span class='ocrx_word' id='word_1_11' title='bbox 696 333 775 410; x_wconf 83' lang='lat' dir='ltr'><strong>quod</strong></span> <span class='ocrx_word' id='word_1_12' title='bbox 793 334 870 393; x_wconf 82' lang='lat' dir='ltr'><strong>valet</strong></span> <span class='ocrx_word' id='word_1_13' title='bbox 885 334 1013 393; x_wconf 78' lang='lat' dir='ltr'><strong>alioruin</strong></span> <span class='ocrx_word' id='word_1_14' title='bbox 1027 336 1164 395; x_wconf 90' lang='lat' dir='ltr'><strong>omnibus</strong></span> 
     </span>
     <span class='ocr_line' id='line_1_3' title="bbox 155 414 1162 496; baseline 0.002 -20"><span class='ocrx_word' id='word_1_15' title='bbox 155 419 214 496; x_wconf 90' lang='lat' dir='ltr'><strong>piis</strong></span> <span class='ocrx_word' id='word_1_16' title='bbox 235 414 488 494; x_wconf 88' lang='lat' dir='ltr'><strong>depositionibus,</strong></span> <span class='ocrx_word' id='word_1_17' title='bbox 514 417 625 474; x_wconf 89' lang='lat' dir='ltr'><strong>tamin</strong></span> <span class='ocrx_word' id='word_1_18' title='bbox 649 416 752 475; x_wconf 70' lang='lat' dir='ltr'><strong>ultimi</strong></span> <span class='ocrx_word' id='word_1_19' title='bbox 774 419 924 477; x_wconf 88' lang='lat' dir='ltr'><strong>voluntate</strong></span> <span class='ocrx_word' id='word_1_20' title='bbox 946 418 1050 490; x_wconf 85' lang='lat' dir='ltr'><strong>factis,</strong></span> <span class='ocrx_word' id='word_1_21' title='bbox 1073 419 1162 496; x_wconf 76' lang='lat' dir='ltr'><strong>quum</strong></span> 
     </span>
     <span class='ocr_line' id='line_1_4' title="bbox 156 499 1163 581; baseline 0.001 -19"><span class='ocrx_word' id='word_1_22' title='bbox 156 505 236 563; x_wconf 89' lang='lat' dir='ltr'><strong>iuter</strong></span> <span class='ocrx_word' id='word_1_23' title='bbox 254 503 361 571; x_wconf 82' lang='lat' dir='ltr'><strong>vivos,</strong></span> <span class='ocrx_word' id='word_1_24' title='bbox 387 508 420 558; x_wconf 91' lang='lat' dir='ltr'><strong>ut</strong></span> <span class='ocrx_word' id='word_1_25' title='bbox 441 517 477 559; x_wconf 84' lang='lat' dir='ltr'><strong>ex</strong></span> <span class='ocrx_word' id='word_1_26' title='bbox 501 500 583 559; x_wconf 86' lang='lat' dir='ltr'><strong>Trid.</strong></span> <span class='ocrx_word' id='word_1_27' title='bbox 607 519 676 559; x_wconf 89' lang='lat' dir='ltr'><strong>sess.</strong></span> <span class='ocrx_word' id='word_1_28' title='bbox 697 503 747 561; x_wconf 75' lang='grc'><strong>99.</strong></span> <span class='ocrx_word' id='word_1_29' title='bbox 767 501 802 561; x_wconf 86' lang='lat' dir='ltr'><strong>de</strong></span> <span class='ocrx_word' id='word_1_30' title='bbox 826 499 956 581; x_wconf 79' lang='lat' dir='ltr'><strong>Reform.</strong></span> <span class='ocrx_word' id='word_1_31' title='bbox 979 521 1005 561; x_wconf 88' lang='lat' dir='ltr'><strong>c.</strong></span> <span class='ocrx_word' id='word_1_32' title='bbox 1031 505 1061 563; x_wconf 90' lang='lat'><strong>8.</strong></span> <span class='ocrx_word' id='word_1_33' title='bbox 1086 505 1163 562; x_wconf 88' lang='lat' dir='ltr'><strong>volet</strong></span> 
     </span>
     <span class='ocr_line' id='line_1_5' title="bbox 157 583 1162 663; baseline -0.001 -17"><span class='ocrx_word' id='word_1_34' title='bbox 157 588 247 646; x_wconf 88' lang='lat' dir='ltr'><strong>ctiam</strong></span> <span class='ocrx_word' id='word_1_35' title='bbox 277 604 336 645; x_wconf 91' lang='lat' dir='ltr'><strong>nou</strong></span> <span class='ocrx_word' id='word_1_36' title='bbox 360 583 457 644; x_wconf 77' lang='lat' dir='ltr'><strong>solium</strong></span> <span class='ocrx_word' id='word_1_37' title='bbox 481 603 535 661; x_wconf 88' lang='lat' dir='ltr'><strong>pro</strong></span> <span class='ocrx_word' id='word_1_38' title='bbox 562 585 733 662; x_wconf 86' lang='lat' dir='ltr'><strong>Episcopis,</strong></span> <span class='ocrx_word' id='word_1_39' title='bbox 761 587 811 643; x_wconf 91' lang='lat' dir='ltr'><strong>sed</strong></span> <span class='ocrx_word' id='word_1_40' title='bbox 837 588 925 645; x_wconf 88' lang='lat' dir='ltr'><strong>etiam</strong></span> <span class='ocrx_word' id='word_1_41' title='bbox 953 604 1006 663; x_wconf 91' lang='lat' dir='ltr'><strong>pro</strong></span> <span class='ocrx_word' id='word_1_42' title='bbox 1034 587 1162 645; x_wconf 83' lang='lat' dir='ltr'><strong>Proelatis</strong></span> 
     </span>
     <span class='ocr_line' id='line_1_6' title="bbox 122 667 1163 746; baseline -0.003 -16"><span class='ocrx_word' id='word_1_43' title='bbox 122 706 126 715; x_wconf 86' lang='lat'><strong>·</strong></span> <span class='ocrx_word' id='word_1_44' title='bbox 156 669 370 739; x_wconf 80' lang='lat' dir='ltr'><strong>interioribus,</strong></span> <span class='ocrx_word' id='word_1_45' title='bbox 393 667 569 726; x_wconf 72' lang='lat' dir='ltr'><strong>habentibus</strong></span> <span class='ocrx_word' id='word_1_46' title='bbox 595 670 779 727; x_wconf 87' lang='lat' dir='ltr'><strong>territorium</strong></span> <span class='ocrx_word' id='word_1_47' title='bbox 804 678 993 746; x_wconf 84' lang='lat' dir='ltr'><strong>separatum,</strong></span> <span class='ocrx_word' id='word_1_48' title='bbox 1023 678 1052 729; x_wconf 91' lang='lat' dir='ltr'><strong>et</strong></span> <span class='ocrx_word' id='word_1_49' title='bbox 1071 670 1163 746; x_wconf 87' lang='lat' dir='ltr'><strong>juris·</strong></span> 
     </span>
     <span class='ocr_line' id='line_1_7' title="bbox 156 751 1160 830; baseline -0.002 -18"><span class='ocrx_word' id='word_1_50' title='bbox 156 755 316 813; x_wconf 82' lang='lat' dir='ltr'><strong>dictionem</strong></span> <span class='ocrx_word' id='word_1_51' title='bbox 340 753 421 830; x_wconf 87' lang='lat' dir='ltr'><strong>quasi</strong></span> <span class='ocrx_word' id='word_1_52' title='bbox 442 751 645 828; x_wconf 89' lang='lat' dir='ltr'><strong>episcopalem.</strong></span> <span class='ocrx_word' id='word_1_53' title='bbox 666 755 710 809; x_wconf 89' lang='lat' dir='ltr'><strong>De</strong></span> <span class='ocrx_word' id='word_1_54' title='bbox 725 754 795 829; x_wconf 90' lang='lat' dir='ltr'><strong>Syn.</strong></span> <span class='ocrx_word' id='word_1_55' title='bbox 821 755 912 812; x_wconf 88' lang='lat' dir='ltr'><strong>Dioee.</strong></span> <span class='ocrx_word' id='word_1_56' title='bbox 939 754 959 811; x_wconf 84' lang='lat' dir='ltr'><strong>l.</strong></span> <span class='ocrx_word' id='word_1_57' title='bbox 985 755 1032 812; x_wconf 78' lang='lat' dir='ltr'><strong>l&#39;n&#39;.</strong></span> <span class='ocrx_word' id='word_1_58' title='bbox 1051 775 1077 814; x_wconf 90' lang='lat' dir='ltr'><strong>e.</strong></span> <span class='ocrx_word' id='word_1_59' title='bbox 1106 756 1160 813; x_wconf 91' lang='lat' dir='ltr'><strong>ult.</strong></span> 
     </span>
     <span class='ocr_line' id='line_1_8' title="bbox 156 836 1163 912; baseline -0.001 -16"><span class='ocrx_word' id='word_1_60' title='bbox 156 854 242 896; x_wconf 87' lang='lat' dir='ltr'><strong>num.</strong></span> <span class='ocrx_word' id='word_1_61' title='bbox 272 839 301 895; x_wconf 90' lang='grc'><strong>1.</strong></span> <span class='ocrx_word' id='word_1_62' title='bbox 325 846 354 895; x_wconf 88' lang='lat' dir='ltr'><strong>et</strong></span> <span class='ocrx_word' id='word_1_63' title='bbox 382 839 411 896; x_wconf 74' lang='grc'><strong>9.</strong></span> <span class='ocrx_word' id='word_1_64' title='bbox 432 836 515 894; x_wconf 87' lang='lat' dir='ltr'><strong>Valet</strong></span> <span class='ocrx_word' id='word_1_65' title='bbox 531 836 618 893; x_wconf 85' lang='lat' dir='ltr'><strong>ctiam</strong></span> <span class='ocrx_word' id='word_1_66' title='bbox 638 854 695 912; x_wconf 90' lang='lat' dir='ltr'><strong>pro</strong></span> <span class='ocrx_word' id='word_1_67' title='bbox 710 836 826 894; x_wconf 92' lang='lat' dir='ltr'><strong>Vicario</strong></span> <span class='ocrx_word' id='word_1_68' title='bbox 845 836 1003 912; x_wconf 74' lang='lat' dir='ltr'><strong>capitulari</strong></span> <span class='ocrx_word' id='word_1_69' title='bbox 1022 839 1090 897; x_wconf 88' lang='lat' dir='ltr'><strong>sede</strong></span> <span class='ocrx_word' id='word_1_70' title='bbox 1112 853 1163 895; x_wconf 86' lang='lat' dir='ltr'><strong>va·</strong></span> 
     </span>
     <span class='ocr_line' id='line_1_9' title="bbox 158 919 1100 996; baseline 0.002 -18"><span class='ocrx_word' id='word_1_71' title='bbox 158 926 244 978; x_wconf 87' lang='lat' dir='ltr'><strong>cante</strong></span> <span class='ocrx_word' id='word_1_72' title='bbox 259 963 268 992; x_wconf 89' lang='lat'>,</span> <span class='ocrx_word' id='word_1_73' title='bbox 283 930 317 979; x_wconf 89' lang='grc' dir='ltr'><strong>ιιι</strong></span> <span class='ocrx_word' id='word_1_74' title='bbox 336 921 372 978; x_wconf 89' lang='lat' dir='ltr'><strong>de</strong></span> <span class='ocrx_word' id='word_1_75' title='bbox 388 921 482 996; x_wconf 76' lang='lat' dir='ltr'><strong>legato</strong></span> <span class='ocrx_word' id='word_1_76' title='bbox 505 919 542 977; x_wconf 93' lang='lat' dir='ltr'><strong>de</strong></span> <span class='ocrx_word' id='word_1_77' title='bbox 563 919 657 977; x_wconf 90' lang='lat' dir='ltr'><strong>missis</strong></span> <span class='ocrx_word' id='word_1_78' title='bbox 670 920 770 977; x_wconf 79' lang='lat' dir='ltr'><strong>statuit</strong></span> <span class='ocrx_word' id='word_1_79' title='bbox 784 921 814 977; x_wconf 89' lang='lat' dir='ltr'><strong>S.</strong></span> <span class='ocrx_word' id='word_1_80' title='bbox 828 921 860 978; x_wconf 88' lang='lat' dir='ltr'><strong>C.</strong></span> <span class='ocrx_word' id='word_1_81' title='bbox 876 919 951 978; x_wconf 90' lang='lat' dir='ltr'><strong>lbid.</strong></span> <span class='ocrx_word' id='word_1_82' title='bbox 965 939 1049 979; x_wconf 91' lang='lat' dir='ltr'><strong>num.</strong></span> <span class='ocrx_word' id='word_1_83' title='bbox 1071 924 1100 980; x_wconf 75' lang='grc'><strong>9.</strong></span> 
     </span>
    </p>
   </div>
   <div class='ocr_carea' id='block_1_2' title="bbox 152 1016 1164 1600">
    <p class='ocr_par' dir='ltr' id='par_1_2' title="bbox 152 1016 1164 1600">
     <span class='ocr_line' id='line_1_10' title="bbox 198 1016 1163 1080; baseline 0.005 -5"><span class='ocrx_word' id='word_1_84' title='bbox 198 1016 315 1076; x_wconf 86' lang='lat' dir='ltr'><strong>Fabrica</strong></span> <span class='ocrx_word' id='word_1_85' title='bbox 333 1020 363 1077; x_wconf 90' lang='lat' dir='ltr'><strong>S.</strong></span> <span class='ocrx_word' id='word_1_86' title='bbox 378 1018 456 1075; x_wconf 86' lang='lat' dir='ltr'><strong>Petri</strong></span> <span class='ocrx_word' id='word_1_87' title='bbox 473 1017 503 1075; x_wconf 93' lang='lat' dir='ltr'><strong>in</strong></span> <span class='ocrx_word' id='word_1_88' title='bbox 523 1018 662 1076; x_wconf 87' lang='lat' dir='ltr'><strong>Vaticano</strong></span> <span class='ocrx_word' id='word_1_89' title='bbox 684 1018 715 1074; x_wconf 88' lang='lat' dir='ltr'><strong>in</strong></span> <span class='ocrx_word' id='word_1_90' title='bbox 736 1017 806 1075; x_wconf 92' lang='lat' dir='ltr'><strong>loeis</strong></span> <span class='ocrx_word' id='word_1_91' title='bbox 825 1034 885 1076; x_wconf 85' lang='lat' dir='ltr'><strong>suaa</strong></span> <span class='ocrx_word' id='word_1_92' title='bbox 906 1021 1072 1078; x_wconf 74' lang='lat' dir='ltr'><strong>auctoritati</strong></span> <span class='ocrx_word' id='word_1_93' title='bbox 1097 1020 1163 1080; x_wconf 91' lang='lat' dir='ltr'><strong>sub-</strong></span> 
     </span>
     <span class='ocr_line' id='line_1_11' title="bbox 152 1100 1162 1178; baseline 0.003 -18"><span class='ocrx_word' id='word_1_94' title='bbox 152 1102 243 1177; x_wconf 87' lang='lat' dir='ltr'><strong>jectis</strong></span> <span class='ocrx_word' id='word_1_95' title='bbox 262 1101 332 1178; x_wconf 81' lang='lat' dir='ltr'><strong>(non</strong></span> <span class='ocrx_word' id='word_1_96' title='bbox 357 1101 438 1160; x_wconf 90' lang='lat' dir='ltr'><strong>enim</strong></span> <span class='ocrx_word' id='word_1_97' title='bbox 461 1110 529 1158; x_wconf 91' lang='lat' dir='ltr'><strong>sunt</strong></span> <span class='ocrx_word' id='word_1_98' title='bbox 543 1100 653 1176; x_wconf 90' lang='lat' dir='ltr'><strong>omnia)</strong></span> <span class='ocrx_word' id='word_1_99' title='bbox 674 1118 734 1159; x_wconf 88' lang='lat' dir='ltr'><strong>noo</strong></span> <span class='ocrx_word' id='word_1_100' title='bbox 753 1119 783 1160; x_wconf 89' lang='lat' dir='ltr'><strong>sc</strong></span> <span class='ocrx_word' id='word_1_101' title='bbox 801 1101 945 1160; x_wconf 87' lang='lat' dir='ltr'><strong>immiscet</strong></span> <span class='ocrx_word' id='word_1_102' title='bbox 964 1102 1162 1177; x_wconf 80' lang='lat' dir='ltr'><strong>jurisdictioni</strong></span> 
     </span>
     <span class='ocr_line' id='line_1_12' title="bbox 155 1184 1160 1263; baseline 0.004 -19"><span class='ocrx_word' id='word_1_103' title='bbox 155 1185 369 1263; x_wconf 86' lang='lat' dir='ltr'><strong>Episcoporum</strong></span> <span class='ocrx_word' id='word_1_104' title='bbox 386 1187 416 1243; x_wconf 92' lang='lat' dir='ltr'><strong>in</strong></span> <span class='ocrx_word' id='word_1_105' title='bbox 432 1184 536 1244; x_wconf 90' lang='lat' dir='ltr'><strong>ordine</strong></span> <span class='ocrx_word' id='word_1_106' title='bbox 551 1185 588 1242; x_wconf 91' lang='lat' dir='ltr'><strong>ad</strong></span> <span class='ocrx_word' id='word_1_107' title='bbox 617 1186 709 1262; x_wconf 81' lang='lat' dir='ltr'><strong>legata</strong></span> <span class='ocrx_word' id='word_1_108' title='bbox 728 1185 794 1262; x_wconf 89' lang='lat' dir='ltr'><strong>pia,</strong></span> <span class='ocrx_word' id='word_1_109' title='bbox 819 1194 848 1243; x_wconf 88' lang='lat' dir='ltr'><strong>ct</strong></span> <span class='ocrx_word' id='word_1_110' title='bbox 872 1186 1027 1244; x_wconf 92' lang='lat' dir='ltr'><strong>missarum</strong></span> <span class='ocrx_word' id='word_1_111' title='bbox 1049 1206 1160 1261; x_wconf 87' lang='lat' dir='ltr'><strong>onera,</strong></span> 
     </span>
     <span class='ocr_line' id='line_1_13' title="bbox 154 1268 1160 1347; baseline 0.004 -20"><span class='ocrx_word' id='word_1_112' title='bbox 154 1268 214 1327; x_wconf 85' lang='lat' dir='ltr'><strong>nisi</strong></span> <span class='ocrx_word' id='word_1_113' title='bbox 232 1279 296 1347; x_wconf 89' lang='lat' dir='ltr'><strong>post</strong></span> <span class='ocrx_word' id='word_1_114' title='bbox 309 1287 420 1328; x_wconf 91' lang='lat' dir='ltr'><strong>annum</strong></span> <span class='ocrx_word' id='word_1_115' title='bbox 434 1270 469 1327; x_wconf 91' lang='lat' dir='ltr'><strong>ab</strong></span> <span class='ocrx_word' id='word_1_116' title='bbox 484 1269 564 1327; x_wconf 91' lang='lat' dir='ltr'><strong>obitu</strong></span> <span class='ocrx_word' id='word_1_117' title='bbox 585 1269 730 1347; x_wconf 87' lang='lat' dir='ltr'><strong>testatoris</strong></span> <span class='ocrx_word' id='word_1_118' title='bbox 744 1290 752 1343; x_wconf 88' lang='lat'>;</span> <span class='ocrx_word' id='word_1_119' title='bbox 769 1287 827 1346; x_wconf 93' lang='lat' dir='ltr'><strong>quo</strong></span> <span class='ocrx_word' id='word_1_120' title='bbox 845 1287 923 1327; x_wconf 89' lang='lat' dir='ltr'><strong>anuo</strong></span> <span class='ocrx_word' id='word_1_121' title='bbox 933 1271 1030 1346; x_wconf 90' lang='lat' dir='ltr'><strong>elapso</strong></span> <span class='ocrx_word' id='word_1_122' title='bbox 1046 1272 1160 1347; x_wconf 91' lang='lat' dir='ltr'><strong>piarum</strong></span> 
     </span>
     <span class='ocr_line' id='line_1_14' title="bbox 154 1351 1161 1432; baseline 0.003 -21"><span class='ocrx_word' id='word_1_123' title='bbox 154 1355 343 1413; x_wconf 79' lang='lat' dir='ltr'><strong>voluntatum</strong></span> <span class='ocrx_word' id='word_1_124' title='bbox 356 1354 518 1414; x_wconf 78' lang='lat' dir='ltr'><strong>executioni</strong></span> <span class='ocrx_word' id='word_1_125' title='bbox 530 1371 561 1412; x_wconf 93' lang='lat' dir='ltr'><strong>se</strong></span> <span class='ocrx_word' id='word_1_126' title='bbox 574 1354 731 1423; x_wconf 86' lang='lat' dir='ltr'><strong>immiscet,</strong></span> <span class='ocrx_word' id='word_1_127' title='bbox 746 1353 858 1411; x_wconf 90' lang='lat' dir='ltr'><strong>etiamsi</strong></span> <span class='ocrx_word' id='word_1_128' title='bbox 866 1351 1011 1428; x_wconf 87' lang='lat' dir='ltr'><strong>judicium</strong></span> <span class='ocrx_word' id='word_1_129' title='bbox 1021 1367 1161 1432; x_wconf 77' lang='lat' dir='ltr'><strong>emptum,</strong></span> 
     </span>
     <span class='ocr_line' id='line_1_15' title="bbox 154 1437 1164 1520; baseline 0.006 -26"><span class='ocrx_word' id='word_1_130' title='bbox 154 1437 195 1495; x_wconf 91' lang='lat' dir='ltr'><strong>ab</strong></span> <span class='ocrx_word' id='word_1_131' title='bbox 214 1440 354 1516; x_wconf 83' lang='lat' dir='ltr'><strong>Episcopo</strong></span> <span class='ocrx_word' id='word_1_132' title='bbox 384 1441 573 1497; x_wconf 88' lang='lat' dir='ltr'><strong>terminatum</strong></span> <span class='ocrx_word' id='word_1_133' title='bbox 592 1456 652 1497; x_wconf 91' lang='lat' dir='ltr'><strong>non</strong></span> <span class='ocrx_word' id='word_1_134' title='bbox 676 1440 786 1507; x_wconf 79' lang='lat' dir='ltr'><strong>luerit,</strong></span> <span class='ocrx_word' id='word_1_135' title='bbox 811 1447 843 1496; x_wconf 90' lang='lat' dir='ltr'><strong>ut</strong></span> <span class='ocrx_word' id='word_1_136' title='bbox 856 1455 891 1494; x_wconf 79' lang='lat' dir='ltr'><strong>ex</strong></span> <span class='ocrx_word' id='word_1_137' title='bbox 904 1439 968 1496; x_wconf 88' lang='lat' dir='ltr'><strong>DD.</strong></span> <span class='ocrx_word' id='word_1_138' title='bbox 982 1443 1164 1520; x_wconf 77' lang='lat' dir='ltr'><strong>constatue</strong></span> 
     </span>
     <span class='ocr_line' id='line_1_16' title="bbox 154 1522 910 1600; baseline -0.001 -20"><span class='ocrx_word' id='word_1_139' title='bbox 154 1522 276 1599; x_wconf 82' lang='lat' dir='ltr'><strong>Synodo</strong></span> <span class='ocrx_word' id='word_1_140' title='bbox 292 1523 478 1594; x_wconf 85' lang='lat' dir='ltr'><strong>Dioeecsana‚</strong></span> <span class='ocrx_word' id='word_1_141' title='bbox 499 1522 551 1581; x_wconf 92' lang='lat' dir='ltr'><strong>lib.</strong></span> <span class='ocrx_word' id='word_1_142' title='bbox 567 1523 614 1580; x_wconf 81' lang='lat'><strong>15.</strong></span> <span class='ocrx_word' id='word_1_143' title='bbox 626 1540 691 1600; x_wconf 88' lang='lat' dir='ltr'><strong>cap.</strong></span> <span class='ocrx_word' id='word_1_144' title='bbox 706 1524 760 1581; x_wconf 91' lang='lat' dir='ltr'><strong>ult.</strong></span> <span class='ocrx_word' id='word_1_145' title='bbox 782 1539 866 1581; x_wconf 84' lang='lat' dir='ltr'><strong>uum.</strong></span> <span class='ocrx_word' id='word_1_146' title='bbox 881 1522 910 1580; x_wconf 81' lang='lat'><strong>5.</strong></span> 
     </span>
    </p>
   </div>
   <div class='ocr_carea' id='block_1_3' title="bbox 153 1620 1183 1951">
    <p class='ocr_par' dir='ltr' id='par_1_3' title="bbox 153 1620 1183 1951">
     <span class='ocr_line' id='line_1_17' title="bbox 195 1620 1163 1701; baseline 0.003 -21"><span class='ocrx_word' id='word_1_147' title='bbox 195 1620 263 1680; x_wconf 88' lang='lat' dir='ltr'><strong>Non</strong></span> <span class='ocrx_word' id='word_1_148' title='bbox 279 1622 346 1681; x_wconf 86' lang='lat' dir='ltr'><strong>licet</strong></span> <span class='ocrx_word' id='word_1_149' title='bbox 362 1620 531 1699; x_wconf 78' lang='lat' dir='ltr'><strong>Episcopo&#39;a</strong></span> <span class='ocrx_word' id='word_1_150' title='bbox 553 1621 669 1680; x_wconf 89' lang='lat' dir='ltr'><strong>dioecesi</strong></span> <span class='ocrx_word' id='word_1_151' title='bbox 690 1639 743 1698; x_wconf 89' lang='lat' dir='ltr'><strong>per</strong></span> <span class='ocrx_word' id='word_1_152' title='bbox 764 1631 822 1680; x_wconf 87' lang='lat' dir='ltr'><strong>tres</strong></span> <span class='ocrx_word' id='word_1_153' title='bbox 850 1636 963 1678; x_wconf 88' lang='lat' dir='ltr'><strong>menses</strong></span> <span class='ocrx_word' id='word_1_154' title='bbox 986 1622 1083 1681; x_wconf 86' lang='lat' dir='ltr'><strong>abesse</strong></span> <span class='ocrx_word' id='word_1_155' title='bbox 1108 1642 1163 1701; x_wconf 89' lang='lat' dir='ltr'><strong>pro</strong></span> 
     </span>
     <span class='ocr_line' id='line_1_18' title="bbox 154 1702 1183 1783; baseline 0.005 -21"><span class='ocrx_word' id='word_1_156' title='bbox 154 1703 244 1762; x_wconf 92' lang='lat' dir='ltr'><strong>libito</strong></span> <span class='ocrx_word' id='word_1_157' title='bbox 263 1714 313 1764; x_wconf 90' lang='lat' dir='ltr'><strong>aut</strong></span> <span class='ocrx_word' id='word_1_158' title='bbox 330 1705 514 1782; x_wconf 74' lang='lat' dir='ltr'><strong>qudcumque</strong></span> <span class='ocrx_word' id='word_1_159' title='bbox 533 1722 570 1763; x_wconf 85' lang='lat' dir='ltr'><strong>ex</strong></span> <span class='ocrx_word' id='word_1_160' title='bbox 591 1704 702 1780; x_wconf 79' lang='lat' dir='ltr'><strong>oausd3</strong></span> <span class='ocrx_word' id='word_1_161' title='bbox 725 1704 776 1762; x_wconf 91' lang='lat' dir='ltr'><strong>sed</strong></span> <span class='ocrx_word' id='word_1_162' title='bbox 794 1722 878 1762; x_wconf 88' lang='lat' dir='ltr'><strong>eausa</strong></span> <span class='ocrx_word' id='word_1_163' title='bbox 909 1702 946 1760; x_wconf 90' lang='lat' dir='ltr'><strong>sit</strong></span> <span class='ocrx_word' id='word_1_164' title='bbox 966 1703 1034 1764; x_wconf 72' lang='lat' dir='ltr'><strong>veria</strong></span> <span class='ocrx_word' id='word_1_165' title='bbox 1056 1725 1160 1783; x_wconf 71' lang='lat' dir='ltr'><strong>atqua,</strong></span> <span class='ocrx_word' id='word_1_166' title='bbox 1179 1762 1183 1768; x_wconf 80' lang='grc'>.</span> 
     </span>
     <span class='ocr_line' id='line_1_19' title="bbox 153 1786 1165 1866; baseline 0.007 -22"><span class='ocrx_word' id='word_1_167' title='bbox 153 1787 304 1863; x_wconf 86' lang='lat' dir='ltr'><strong>simulque</strong></span> <span class='ocrx_word' id='word_1_168' title='bbox 325 1788 533 1866; x_wconf 82' lang='lat' dir='ltr'><strong>provideatur,</strong></span> <span class='ocrx_word' id='word_1_169' title='bbox 554 1807 592 1847; x_wconf 89' lang='lat' dir='ltr'><strong>ue</strong></span> <span class='ocrx_word' id='word_1_170' title='bbox 614 1789 695 1866; x_wconf 78' lang='lat' dir='ltr'><strong>gregi</strong></span> <span class='ocrx_word' id='word_1_171' title='bbox 722 1807 758 1848; x_wconf 81' lang='lat' dir='ltr'><strong>ex</strong></span> <span class='ocrx_word' id='word_1_172' title='bbox 783 1787 838 1848; x_wconf 93' lang='lat' dir='ltr'><strong>hoe</strong></span> <span class='ocrx_word' id='word_1_173' title='bbox 851 1786 1061 1848; x_wconf 87' lang='lat' dir='ltr'><strong>detrimentum</strong></span> <span class='ocrx_word' id='word_1_174' title='bbox 1081 1791 1165 1851; x_wconf 81' lang='lat' dir='ltr'><strong>ulive-</strong></span> 
     </span>
     <span class='ocr_line' id='line_1_20' title="bbox 154 1869 593 1951; baseline 0.005 -22"><span class='ocrx_word' id='word_1_175' title='bbox 154 1869 231 1931; x_wconf 85' lang='lat' dir='ltr'><strong>niat.</strong></span> <span class='ocrx_word' id='word_1_176' title='bbox 245 1874 361 1950; x_wconf 84' lang='lat' dir='ltr'><strong>Eucyel.</strong></span> <span class='ocrx_word' id='word_1_177' title='bbox 380 1872 436 1934; x_wconf 85' lang='lat' dir='ltr'><strong>Ubi</strong></span> <span class='ocrx_word' id='word_1_178' title='bbox 450 1874 593 1951; x_wconf 72' lang='lat' dir='ltr'><strong>pannon.</strong></span> 
     </span>
    </p>
   </div>
   <div class='ocr_carea' id='block_1_4' title="bbox 536 2051 796 2113">
    <p class='ocr_par' dir='ltr' id='par_1_4' title="bbox 536 2051 796 2113">
     <span class='ocr_line' id='line_1_21' title="bbox 536 2051 796 2113; baseline 0.019 -5"><span class='ocrx_word' id='word_1_179' title='bbox 536 2051 796 2113; x_wconf 79' lang='lat' dir='ltr'><strong>ttucttAtttsTta.</strong></span> 
     </span>
    </p>
   </div>
   <div class='ocr_carea' id='block_1_5' title="bbox 153 2241 1169 2987">
    <p class='ocr_par' dir='ltr' id='par_1_5' title="bbox 153 2241 1169 2987">
     <span class='ocr_line' id='line_1_22' title="bbox 193 2241 1167 2323; baseline 0.005 -22"><span class='ocrx_word' id='word_1_180' title='bbox 193 2244 240 2301; x_wconf 89' lang='lat' dir='ltr'><strong>De</strong></span> <span class='ocrx_word' id='word_1_181' title='bbox 260 2241 425 2318; x_wconf 80' lang='lat' dir='ltr'><strong>frequentid</strong></span> <span class='ocrx_word' id='word_1_182' title='bbox 447 2243 496 2300; x_wconf 87' lang='lat' dir='ltr'><strong>SS.</strong></span> <span class='ocrx_word' id='word_1_183' title='bbox 525 2244 774 2315; x_wconf 63' lang='lat' dir='ltr'><strong>Communium,</strong></span> <span class='ocrx_word' id='word_1_184' title='bbox 797 2248 904 2323; x_wconf 91' lang='lat' dir='ltr'><strong>quibus</strong></span> <span class='ocrx_word' id='word_1_185' title='bbox 924 2247 1107 2306; x_wconf 83' lang='lat' dir='ltr'><strong>concedenda</strong></span> <span class='ocrx_word' id='word_1_186' title='bbox 1124 2249 1167 2306; x_wconf 88' lang='lat' dir='ltr'><strong>sit</strong></span> 
     </span>
     <span class='ocr_line' id='line_1_23' title="bbox 155 2324 1164 2403; baseline 0.003 -20"><span class='ocrx_word' id='word_1_187' title='bbox 155 2324 356 2403; x_wconf 70' lang='lat' dir='ltr'><strong>«pontidium,</strong></span> <span class='ocrx_word' id='word_1_188' title='bbox 389 2324 496 2401; x_wconf 87' lang='lat' dir='ltr'><strong>quibus</strong></span> <span class='ocrx_word' id='word_1_189' title='bbox 526 2326 678 2401; x_wconf 74' lang='lat' dir='ltr'><strong>aliquanti)</strong></span> <span class='ocrx_word' id='word_1_190' title='bbox 699 2328 823 2398; x_wconf 85' lang='lat' dir='ltr'><strong>rariits</strong></span> <span class='ocrx_word' id='word_1_191' title='bbox 855 2329 930 2388; x_wconf 92' lang='lat' dir='ltr'><strong>nihil</strong></span> <span class='ocrx_word' id='word_1_192' title='bbox 964 2329 1164 2388; x_wconf 86' lang='lat' dir='ltr'><strong>innovandum</strong></span> 
     </span>
     <span class='ocr_line' id='line_1_24' title="bbox 153 2408 1169 2486; baseline 0.001 -18"><span class='ocrx_word' id='word_1_193' title='bbox 153 2426 245 2486; x_wconf 86' lang='lat' dir='ltr'><strong>supra</strong></span> <span class='ocrx_word' id='word_1_194' title='bbox 267 2408 376 2467; x_wconf 86' lang='lat' dir='ltr'><strong>decret</strong></span> <span class='ocrx_word' id='word_1_195' title='bbox 399 2410 499 2468; x_wconf 82' lang='lat' dir='ltr'><strong>lntmo.</strong></span> <span class='ocrx_word' id='word_1_196' title='bbox 514 2411 576 2469; x_wconf 89' lang='lat' dir='ltr'><strong>XI.</strong></span> <span class='ocrx_word' id='word_1_197' title='bbox 594 2410 710 2467; x_wconf 80' lang='lat' dir='ltr'><strong>dieta.</strong></span> <span class='ocrx_word' id='word_1_198' title='bbox 728 2412 814 2469; x_wconf 82' lang='lat' dir='ltr'><strong>Febr.</strong></span> <span class='ocrx_word' id='word_1_199' title='bbox 830 2414 915 2470; x_wconf 87' lang='grc'><strong>1679.</strong></span> <span class='ocrx_word' id='word_1_200' title='bbox 937 2415 1035 2472; x_wconf 91' lang='lat' dir='ltr'><strong>omnia</strong></span> <span class='ocrx_word' id='word_1_201' title='bbox 1056 2411 1169 2469; x_wconf 85' lang='lat' dir='ltr'><strong>scilicet</strong></span> 
     </span>
     <span class='ocr_line' id='line_1_25' title="bbox 153 2480 1164 2569; baseline 0.001 -19"><span class='ocrx_word' id='word_1_202' title='bbox 153 2493 309 2551; x_wconf 87' lang='lat' dir='ltr'><strong>telctenda</strong></span> <span class='ocrx_word' id='word_1_203' title='bbox 334 2510 396 2550; x_wconf 84' lang='lat' dir='ltr'><strong>esse</strong></span> <span class='ocrx_word' id='word_1_204' title='bbox 418 2480 503 2552; x_wconf 88' lang='lat' dir='ltr'><strong>docti</strong></span> <span class='ocrx_word' id='word_1_205' title='bbox 516 2503 545 2551; x_wconf 94' lang='lat' dir='ltr'><strong>et</strong></span> <span class='ocrx_word' id='word_1_206' title='bbox 564 2492 718 2568; x_wconf 79' lang='lat' dir='ltr'><strong>prudentis</strong></span> <span class='ocrx_word' id='word_1_207' title='bbox 741 2495 906 2552; x_wconf 81' lang='lat' dir='ltr'><strong>contessorii</strong></span> <span class='ocrx_word' id='word_1_208' title='bbox 924 2495 1046 2569; x_wconf 89' lang='lat' dir='ltr'><strong>judicio.</strong></span> <span class='ocrx_word' id='word_1_209' title='bbox 1061 2494 1164 2551; x_wconf 88' lang='lat' dir='ltr'><strong>lulerri</strong></span> 
     </span>
     <span class='ocr_line' id='line_1_26' title="bbox 153 2574 1165 2652; baseline -0.003 -18"><span class='ocrx_word' id='word_1_210' title='bbox 153 2585 257 2634; x_wconf 87' lang='lat' dir='ltr'><strong>tamen</strong></span> <span class='ocrx_word' id='word_1_211' title='bbox 281 2593 316 2633; x_wconf 81' lang='lat' dir='ltr'><strong>etc</strong></span> <span class='ocrx_word' id='word_1_212' title='bbox 332 2575 437 2635; x_wconf 85' lang='lat' dir='ltr'><strong>eodem</strong></span> <span class='ocrx_word' id='word_1_213' title='bbox 454 2574 572 2635; x_wconf 86' lang='lat' dir='ltr'><strong>decreto</strong></span> <span class='ocrx_word' id='word_1_214' title='bbox 593 2577 682 2643; x_wconf 90' lang='lat' dir='ltr'><strong>lieet</strong></span> <span class='ocrx_word' id='word_1_215' title='bbox 708 2575 892 2652; x_wconf 82' lang='lat' dir='ltr'><strong>frequentem</strong></span> <span class='ocrx_word' id='word_1_216' title='bbox 915 2593 1060 2634; x_wconf 67' lang='lat' dir='ltr'><strong>recemum</strong></span> <span class='ocrx_word' id='word_1_217' title='bbox 1081 2575 1165 2631; x_wconf 80' lang='lat' dir='ltr'><strong>detro-</strong></span> 
     </span>
     <span class='ocr_line' id='line_1_27' title="bbox 153 2657 1165 2737; baseline -0.002 -20"><span class='ocrx_word' id='word_1_218' title='bbox 153 2657 287 2735; x_wconf 75' lang='lat' dir='ltr'><strong>gandam</strong></span> <span class='ocrx_word' id='word_1_219' title='bbox 304 2677 365 2717; x_wconf 88' lang='lat' dir='ltr'><strong>esse</strong></span> <span class='ocrx_word' id='word_1_220' title='bbox 385 2659 441 2729; x_wconf 86' lang='lat' dir='ltr'><strong>iis,</strong></span> <span class='ocrx_word' id='word_1_221' title='bbox 464 2660 516 2735; x_wconf 89' lang='lat' dir='ltr'><strong>qui</strong></span> <span class='ocrx_word' id='word_1_222' title='bbox 535 2661 566 2718; x_wconf 94' lang='lat' dir='ltr'><strong>in</strong></span> <span class='ocrx_word' id='word_1_223' title='bbox 582 2659 680 2737; x_wconf 76' lang='lat' dir='ltr'><strong>gravia</strong></span> <span class='ocrx_word' id='word_1_224' title='bbox 701 2667 816 2737; x_wconf 88' lang='lat' dir='ltr'><strong>peccata</strong></span> <span class='ocrx_word' id='word_1_225' title='bbox 837 2677 912 2736; x_wconf 82' lang='lat' dir='ltr'><strong>saepe</strong></span> <span class='ocrx_word' id='word_1_226' title='bbox 930 2660 1089 2726; x_wconf 86' lang='lat' dir='ltr'><strong>labuntur,</strong></span> <span class='ocrx_word' id='word_1_227' title='bbox 1112 2675 1165 2715; x_wconf 89' lang='lat' dir='ltr'><strong>uec</strong></span> 
     </span>
     <span class='ocr_line' id='line_1_28' title="bbox 153 2742 1166 2821; baseline -0.004 -20"><span class='ocrx_word' id='word_1_228' title='bbox 153 2742 193 2801; x_wconf 90' lang='lat' dir='ltr'><strong>de</strong></span> <span class='ocrx_word' id='word_1_229' title='bbox 203 2743 409 2802; x_wconf 72' lang='lat' dir='ltr'><strong>ennuntiatione</strong></span> <span class='ocrx_word' id='word_1_230' title='bbox 433 2751 503 2801; x_wconf 85' lang='lat' dir='ltr'><strong>suut</strong></span> <span class='ocrx_word' id='word_1_231' title='bbox 518 2744 657 2812; x_wconf 81' lang='lat' dir='ltr'><strong>solliciti,</strong></span> <span class='ocrx_word' id='word_1_232' title='bbox 674 2746 751 2803; x_wconf 86' lang='lat' dir='ltr'><strong>sicut</strong></span> <span class='ocrx_word' id='word_1_233' title='bbox 769 2762 822 2801; x_wconf 89' lang='lat' dir='ltr'><strong>nce</strong></span> <span class='ocrx_word' id='word_1_234' title='bbox 841 2754 901 2802; x_wconf 89' lang='lat' dir='ltr'><strong>tom</strong></span> <span class='ocrx_word' id='word_1_235' title='bbox 924 2743 1074 2821; x_wconf 71' lang='lat' dir='ltr'><strong>sepelis,</strong></span> <span class='ocrx_word' id='word_1_236' title='bbox 1095 2758 1166 2816; x_wconf 91' lang='lat' dir='ltr'><strong>quo·</strong></span> 
     </span>
     <span class='ocr_line' id='line_1_29' title="bbox 153 2824 1164 2905; baseline 0 -22"><span class='ocrx_word' id='word_1_237' title='bbox 153 2843 225 2884; x_wconf 88' lang='lat' dir='ltr'><strong>rum</strong></span> <span class='ocrx_word' id='word_1_238' title='bbox 239 2824 307 2884; x_wconf 79' lang='lat' dir='ltr'><strong>ciam</strong></span> <span class='ocrx_word' id='word_1_239' title='bbox 326 2826 460 2885; x_wconf 87' lang='lat' dir='ltr'><strong>voluntas</strong></span> <span class='ocrx_word' id='word_1_240' title='bbox 483 2826 522 2884; x_wconf 90' lang='lat' dir='ltr'><strong>sit</strong></span> <span class='ocrx_word' id='word_1_241' title='bbox 542 2826 558 2885; x_wconf 80' lang='lat' dir='ltr'><strong>ia</strong></span> <span class='ocrx_word' id='word_1_242' title='bbox 578 2829 716 2905; x_wconf 81' lang='lat' dir='ltr'><strong>gravibus</strong></span> <span class='ocrx_word' id='word_1_243' title='bbox 745 2845 866 2897; x_wconf 82' lang='lat' dir='ltr'><strong>aversa,</strong></span> <span class='ocrx_word' id='word_1_244' title='bbox 887 2825 1050 2885; x_wconf 79' lang='lat' dir='ltr'><strong>venialibus</strong></span> <span class='ocrx_word' id='word_1_245' title='bbox 1067 2834 1164 2883; x_wconf 86' lang='lat' dir='ltr'><strong>tamen</strong></span> 
     </span>
     <span class='ocr_line' id='line_1_30' title="bbox 154 2907 1027 2987; baseline 0.001 -22"><span class='ocrx_word' id='word_1_246' title='bbox 154 2907 287 2967; x_wconf 78' lang='lat' dir='ltr'><strong>tenacius</strong></span> <span class='ocrx_word' id='word_1_247' title='bbox 305 2908 460 2968; x_wconf 86' lang='lat' dir='ltr'><strong>inhaerent.</strong></span> <span class='ocrx_word' id='word_1_248' title='bbox 474 2910 517 2968; x_wconf 81' lang='lat' dir='ltr'><strong>lle</strong></span> <span class='ocrx_word' id='word_1_249' title='bbox 533 2912 607 2987; x_wconf 83' lang='lat' dir='ltr'><strong>Syn.</strong></span> <span class='ocrx_word' id='word_1_250' title='bbox 632 2913 723 2970; x_wconf 64' lang='lat' dir='ltr'><strong>Dione.</strong></span> <span class='ocrx_word' id='word_1_251' title='bbox 738 2911 796 2969; x_wconf 84' lang='lat' dir='ltr'><strong>tt.</strong></span> <span class='ocrx_word' id='word_1_252' title='bbox 817 2929 878 2987; x_wconf 84' lang='lat' dir='ltr'><strong>cap.</strong></span> <span class='ocrx_word' id='word_1_253' title='bbox 892 2913 939 2970; x_wconf 79' lang='grc'><strong>19.</strong></span> <span class='ocrx_word' id='word_1_254' title='bbox 953 2929 984 2968; x_wconf 88' lang='grc' dir='ltr'><strong>ιι.</strong></span> <span class='ocrx_word' id='word_1_255' title='bbox 997 2911 1027 2966; x_wconf 90' lang='grc'><strong>9.</strong></span> 
     </span>
    </p>
   </div>
   <div class='ocr_carea' id='block_1_6' title="bbox 153 3007 1165 3254">
    <p class='ocr_par' dir='ltr' id='par_1_6' title="bbox 153 3007 1165 3254">
     <span class='ocr_line' id='line_1_31' title="bbox 194 3007 1165 3069; baseline 0.002 -5"><span class='ocrx_word' id='word_1_256' title='bbox 194 3007 407 3066; x_wconf 79' lang='lat' dir='ltr'><strong>littclraristiam</strong></span> <span class='ocrx_word' id='word_1_257' title='bbox 442 3009 500 3067; x_wconf 72' lang='lat' dir='ltr'><strong>una</strong></span> <span class='ocrx_word' id='word_1_258' title='bbox 530 3007 645 3067; x_wconf 82' lang='lat' dir='ltr'><strong>tantirm</strong></span> <span class='ocrx_word' id='word_1_259' title='bbox 678 3010 725 3068; x_wconf 90' lang='lat' dir='ltr'><strong>die</strong></span> <span class='ocrx_word' id='word_1_260' title='bbox 757 3010 903 3069; x_wconf 78' lang='lat' dir='ltr'><strong>paschatis</strong></span> <span class='ocrx_word' id='word_1_261' title='bbox 934 3007 1165 3067; x_wconf 86' lang='lat' dir='ltr'><strong>Resurrectionis</strong></span> 
     </span>
     <span class='ocr_line' id='line_1_32' title="bbox 153 3090 1165 3171; baseline 0.002 -23"><span class='ocrx_word' id='word_1_262' title='bbox 153 3090 335 3148; x_wconf 86' lang='lat' dir='ltr'><strong>distribuere</strong></span> <span class='ocrx_word' id='word_1_263' title='bbox 346 3092 532 3150; x_wconf 80' lang='lat' dir='ltr'><strong>saecularibus</strong></span> <span class='ocrx_word' id='word_1_264' title='bbox 545 3095 671 3151; x_wconf 87' lang='lat' dir='ltr'><strong>vetitum</strong></span> <span class='ocrx_word' id='word_1_265' title='bbox 692 3104 736 3152; x_wconf 87' lang='lat' dir='ltr'><strong>est</strong></span> <span class='ocrx_word' id='word_1_266' title='bbox 762 3094 954 3171; x_wconf 86' lang='lat' dir='ltr'><strong>Regularibus</strong></span> <span class='ocrx_word' id='word_1_267' title='bbox 977 3093 1008 3150; x_wconf 92' lang='lat' dir='ltr'><strong>in</strong></span> <span class='ocrx_word' id='word_1_268' title='bbox 1031 3092 1090 3150; x_wconf 92' lang='lat' dir='ltr'><strong>suis</strong></span> <span class='ocrx_word' id='word_1_269' title='bbox 1111 3094 1165 3150; x_wconf 90' lang='lat' dir='ltr'><strong>Ec·</strong></span> 
     </span>
     <span class='ocr_line' id='line_1_33' title="bbox 153 3173 1165 3254; baseline 0.002 -22"><span class='ocrx_word' id='word_1_270' title='bbox 153 3174 270 3248; x_wconf 78' lang='lat' dir='ltr'><strong>cleslis3</strong></span> <span class='ocrx_word' id='word_1_271' title='bbox 286 3175 398 3233; x_wconf 79' lang='lat' dir='ltr'><strong>caeteris</strong></span> <span class='ocrx_word' id='word_1_272' title='bbox 418 3173 489 3235; x_wconf 80' lang='lat' dir='ltr'><strong>verb</strong></span> <span class='ocrx_word' id='word_1_273' title='bbox 510 3175 692 3273; x_wconf 86' lang='lat' dir='ltr'><strong>paschalibus</strong></span> <span class='ocrx_word' id='word_1_274' title='bbox 714 3177 817 3236; x_wconf 88' lang='lat' dir='ltr'><strong>diebus</strong></span> <span class='ocrx_word' id='word_1_275' title='bbox 832 3178 862 3236; x_wconf 90' lang='lat' dir='ltr'><strong>id</strong></span> <span class='ocrx_word' id='word_1_276' title='bbox 879 3185 999 3254; x_wconf 84' lang='lat' dir='ltr'><strong>possunt</strong></span> <span class='ocrx_word' id='word_1_277' title='bbox 1022 3176 1094 3234; x_wconf 88' lang='lat' dir='ltr'><strong>eitra</strong></span> <span class='ocrx_word' id='word_1_278' title='bbox 1118 3176 1165 3234; x_wconf 93' lang='lat' dir='ltr'><strong>ul·</strong></span> 
     </span>
    </p>
   </div>
   <div class='ocr_carea' id='block_1_7' title="bbox 151 3257 1161 3418">
    <p class='ocr_par' dir='ltr' id='par_1_7' title="bbox 151 3257 1161 3418">
     <span class='ocr_line' id='line_1_34' title="bbox 151 3257 1161 3401; baseline 0 -84"><span class='ocrx_word' id='word_1_279' title='bbox 151 3259 214 3317; x_wconf 87' lang='lat' dir='ltr'><strong>lam</strong></span> <span class='ocrx_word' id='word_1_280' title='bbox 233 3257 476 3401; x_wconf 67' lang='lat' dir='ltr'><strong>ppplribitippem.</strong></span> <span class='ocrx_word' id='word_1_281' title='bbox 469 3260 566 3320; x_wconf 39' lang='lat' dir='ltr'><strong>stlta</strong></span> <span class='ocrx_word' id='word_1_282' title='bbox 558 3279 590 3320; x_wconf 84' lang='grc' dir='ltr'><strong>ιιι</strong></span> <span class='ocrx_word' id='word_1_283' title='bbox 611 3265 663 3321; x_wconf 87' lang='lat' dir='ltr'><strong>Tr</strong></span> <span class='ocrx_word' id='word_1_284' title='bbox 687 3261 725 3320; x_wconf 90' lang='lat' dir='ltr'><strong>do</strong></span> <span class='ocrx_word' id='word_1_285' title='bbox 740 3258 858 3339; x_wconf 87' lang='lat' dir='ltr'><strong>Synodo</strong></span> <span class='ocrx_word' id='word_1_286' title='bbox 874 3262 1057 3354; x_wconf 85' lang='lat' dir='ltr'><strong>Dioecesana,</strong></span> <span class='ocrx_word' id='word_1_287' title='bbox 1069 3259 1091 3317; x_wconf 88' lang='lat' dir='ltr'><strong>l.</strong></span> <span class='ocrx_word' id='word_1_288' title='bbox 1113 3261 1161 3318; x_wconf 89' lang='lat' dir='ltr'><strong>ll.</strong></span> 
     </span>
     <span class='ocr_line' id='line_1_35' title="bbox 151 3359 340 3418; baseline 0 -18"><span class='ocrx_word' id='word_1_289' title='bbox 151 3359 219 3418; x_wconf 86' lang='lat' dir='ltr'><strong>cap.</strong></span> <span class='ocrx_word' id='word_1_290' title='bbox 321 3360 340 3400; x_wconf 90' lang='lat' dir='ltr'><strong>n</strong></span> 
     </span>
    </p>
   </div>
   <div class='ocr_carea' id='block_1_8' title="bbox 153 3438 1167 3606">
    <p class='ocr_par' dir='ltr' id='par_1_8' title="bbox 153 3438 1167 3606">
     <span class='ocr_line' id='line_1_36' title="bbox 192 3438 1165 3520; baseline 0.004 -22"><span class='ocrx_word' id='word_1_291' title='bbox 192 3438 330 3499; x_wconf 86' lang='lat' dir='ltr'><strong>Paschale</strong></span> <span class='ocrx_word' id='word_1_292' title='bbox 359 3449 497 3518; x_wconf 88' lang='lat' dir='ltr'><strong>tempus,</strong></span> <span class='ocrx_word' id='word_1_293' title='bbox 525 3443 603 3501; x_wconf 87' lang='lat' dir='ltr'><strong>intra</strong></span> <span class='ocrx_word' id='word_1_294' title='bbox 635 3443 717 3518; x_wconf 80' lang='lat' dir='ltr'><strong>cujus</strong></span> <span class='ocrx_word' id='word_1_295' title='bbox 750 3445 878 3518; x_wconf 90' lang='lat' dir='ltr'><strong>spatium</strong></span> <span class='ocrx_word' id='word_1_296' title='bbox 908 3442 1042 3502; x_wconf 86' lang='lat' dir='ltr'><strong>satisfieri</strong></span> <span class='ocrx_word' id='word_1_297' title='bbox 1069 3451 1165 3520; x_wconf 87' lang='lat' dir='ltr'><strong>potest</strong></span> 
     </span>
     <span class='ocr_line' id='line_1_37' title="bbox 153 3520 1167 3606; baseline 0.005 -25"><span class='ocrx_word' id='word_1_298' title='bbox 153 3533 327 3601; x_wconf 75' lang='lat' dir='ltr'><strong>praecepta,</strong></span> <span class='ocrx_word' id='word_1_299' title='bbox 352 3525 390 3584; x_wconf 86' lang='lat' dir='ltr'><strong>ab</strong></span> <span class='ocrx_word' id='word_1_300' title='bbox 416 3525 550 3606; x_wconf 79' lang='lat' dir='ltr'><strong>Eupenio</strong></span> <span class='ocrx_word' id='word_1_301' title='bbox 570 3520 629 3586; x_wconf 77' lang='lat' dir='ltr'><strong>tt.</strong></span> <span class='ocrx_word' id='word_1_302' title='bbox 655 3527 707 3584; x_wconf 77' lang='lat' dir='ltr'><strong>sui</strong></span> <span class='ocrx_word' id='word_1_303' title='bbox 730 3526 938 3585; x_wconf 88' lang='lat' dir='ltr'><strong>constitutione</strong></span> <span class='ocrx_word' id='word_1_304' title='bbox 955 3526 1027 3586; x_wconf 81' lang='lat' dir='ltr'><strong>Fide</strong></span> <span class='ocrx_word' id='word_1_305' title='bbox 1051 3520 1167 3606; x_wconf 61' lang='grc' dir='ltr'><strong>ι1ἰ9ιιιι,4</strong></span> 
     </span>
    </p>
   </div>
   <div class='ocr_carea' id='block_1_9' title="bbox 153 3606 1164 3752">
    <p class='ocr_par' dir='ltr' id='par_1_9' title="bbox 153 3606 1164 3752">
     <span class='ocr_line' id='line_1_38' title="bbox 153 3606 1164 3752; baseline 0 -86"><span class='ocrx_word' id='word_1_306' title='bbox 153 3606 317 3666; x_wconf 89' lang='lat' dir='ltr'><strong>delinitum</strong></span> <span class='ocrx_word' id='word_1_307' title='bbox 347 3607 442 3682; x_wconf 77' lang='lat' dir='ltr'><strong>est‘,b</strong></span> <span class='ocrx_word' id='word_1_308' title='bbox 462 3610 613 3670; x_wconf 79' lang='lat' dir='ltr'><strong>Dominictl</strong></span> <span class='ocrx_word' id='word_1_309' title='bbox 629 3610 796 3671; x_wconf 81' lang='lat' dir='ltr'><strong>Palmarum</strong></span> <span class='ocrx_word' id='word_1_310' title='bbox 821 3628 913 3687; x_wconf 91' lang='lat' dir='ltr'><strong>usque</strong></span> <span class='ocrx_word' id='word_1_311' title='bbox 934 3610 971 3668; x_wconf 89' lang='lat' dir='ltr'><strong>ad</strong></span> <span class='ocrx_word' id='word_1_312' title='bbox 982 3612 1164 3752; x_wconf 57' lang='lat' dir='ltr'><strong>gpminicam</strong></span> 
     </span>
    </p>
   </div>
   <div class='ocr_carea' id='block_1_10' title="bbox 0 0 1326 4167">
    <p class='ocr_par' dir='ltr' id='par_1_10' title="bbox 0 0 1326 4167">
     <span class='ocr_line' id='line_1_39' title="bbox 0 0 1326 4167; baseline 0 0"><span class='ocrx_word' id='word_1_313' title='bbox 0 0 1326 4167; x_wconf 95' lang='lat' dir='ltr'><strong> </strong></span> 
     </span>
    </p>
   </div>
  </div>
 </body>
</html>
