2642 4167
153 207 214 273 θῦε
351 204 485 288 Bpitonro
493 202 636 266 doctrino
648 199 970 267 morniirctcnmmicae

582 366 735 427 CENSUS.

200 519 310 580 Census
322 518 409 578 neniis
422 518 521 579 licitus
539 526 584 581 cst
595 561 604 585 .
617 526 646 581 ot
664 515 807 581 immunis
824 516 862 577 ab
883 518 990 590 usuri,
1005 537 1074 581 nrm
1091 538 1166 589 vcu-

162 604 265 674 ditur,
286 611 315 663 ct
328 604 437 663 omitur
452 601 501 679 juo
521 600 701 682 percipiendi
725 611 838 678 purtem
853 602 1003 663 fructuum
1017 623 1053 665 cx
1068 605 1165 666 alieno

162 686 274 760 scindo,
297 706 363 766 qum
382 687 531 748 fructuum
554 687 650 765 portio
670 695 715 746 ost
739 686 840 763 pensio
858 686 983 768 singuiis
1004 690 1089 751 anuis
1105 691 1164 753 soi·

162 774 266 833 vondn.
279 774 322 833 Do
335 773 406 852 Syn.
421 773 508 835 dioec.
521 772 574 832 lib.
586 773 634 832 i0.
649 790 675 832 c.
688 775 716 834 t.
734 792 764 833 n.
777 773 808 833 b.

202 859 311 919 Census
324 856 395 918 verb
418 857 579 935 personalis
594 856 719 919 dubium
738 865 784 917 ost
799 874 873 918 num
885 857 988 919 desub
1009 861 1113 920 noturt
1126 861 1164 921 sit

164 943 313 1002 usurarius
326 961 381 1002 nec
394 960 441 1003 no.
456 943 576 1003 Constat
585 948 685 1003 tumen
699 942 824 1002 uetitum
836 959 898 1002 osso
910 961 946 1003 ox
956 944 1163 1009 constitutione

163 1028 195 1088 S.
209 1026 262 1087 Pii
280 1027 315 1086 V.
331 1028 361 1086 iu
379 1027 437 1106 qui
457 1026 679 1089 constituuntur
699 1025 802 1088 consus
819 1026 1010 1091 conditiones.
1031 1029 1118 1089 ibn.
1133 1031 1161 1092 5.

201 1113 280 1171 Num
296 1110 479 1171 conditiones
498 1110 574 1178 iiioe,
593 1109 690 1195 quood
712 1129 765 1181 oo,
790 1130 856 1189 qum
876 1128 936 1171 non
953 1120 1023 1171 sunt
1043 1112 1081 1172 do
1096 1112 1163 1188 juro

164 1196 310 1263 naturali,
329 1215 362 1255 oc
379 1195 502 1264 divino,
516 1214 552 1257 ox
564 1196 713 1257 contrarii
725 1195 935 1259 cousuetudine
946 1194 1076 1273 legitimo
1091 1217 1163 1274 prm·

163 1281 269 1359 scripti
282 1280 455 1341 cossnvortnt
477 1279 609 1358 obliguro
627 1279 706 1358 opud
724 1279 863 1361 quosdam
875 1281 1025 1351 notiones,
1039 1280 1163 1347 dubium

163 1371 219 1424 cst.
229 1365 269 1423 Ao
278 1382 331 1441 pro
341 1364 478 1442 ltispunit
487 1364 565 1424 idom
576 1363 652 1427 Pius
665 1365 699 1424 V.
714 1365 855 1423 concessit
865 1381 924 1423 non
934 1363 1074 1442 obligare,
1086 1375 1118 1423 ut
1128 1383 1164 1431 cr
1203 1388 1212 1405 ³

165 1447 324 1511 Guttiorcz.
338 1448 382 1507 ib.
396 1466 427 1507 n.
447 1450 476 1508 b.
494 1450 530 1507 Et
547 1445 649 1507 roveri
667 1447 797 1507 occidero
809 1465 907 1525 posse,
922 1454 956 1506 ut
968 1464 1000 1506 un
1020 1450 1164 1507 contrario

165 1533 345 1593 consuetudo
375 1532 482 1592 olioubi
504 1533 680 1600 invaluerit,
700 1531 851 1591 scribitur.
877 1532 922 1591 lb.
947 1533 1047 1591 Monet
1066 1541 1163 1591 tonrcn

165 1617 392 1677 Pontiioxotium
404 1616 435 1675 in
449 1614 909 1692 iisdioeccsibusinquibusPiuno
922 1615 1094 1675 constitutio
1107 1633 1165 1674 non

165 1700 261 1779 viget,
276 1708 310 1760 ut
326 1699 343 1760 i
363 1700 499 1761 censibus
510 1699 732 1777 personalibus,
745 1698 909 1776 pracsertim
922 1697 1073 1776 utrimque
1088 1697 1165 1765 roti-

167 1785 318 1845 mibilibus
330 1783 521 1846 obstinentur.
538 1784 613 1847 tutu.
630 1803 660 1844 n.
674 1785 704 1844 6.

582 1944 749 2005 CHOREAE.

204 2095 490 2175 chorcoe,qnamvn
506 2115 542 2157 ox
560 2095 606 2157 sui
626 2097 732 2157 notuit
749 2106 818 2157 sunt
835 2097 922 2158 iioitae
933 2141 942 2169 ,
954 2097 1004 2156 vix
1024 2099 1168 2158 tamenin

166 2189 250 2257 notu,
265 2181 414 2258 quomodo
428 2200 507 2241 nuno
527 2181 622 2250 fiunt,
646 2181 778 2258 permitti
802 2190 942 2258 possunt,
956 2179 1023 2239 cum
1038 2181 1170 2259 plorum-

167 2281 225 2343 quo
239 2266 300 2324 sint
320 2266 455 2343 poconndi
472 2267 594 2325 occasio.
610 2268 682 2347 lust.
694 2265 801 2323 Eccles.
814 2266 861 2324 76.
874 2284 904 2324 n.
919 2266 947 2325 t.

206 2349 333 2411 Chorons
349 2349 420 2411 verb
438 2350 454 2409 b
473 2349 585 2410 clericis
612 2367 673 2408 non
695 2348 758 2407 sino
781 2358 898 2426 peccato
918 2348 999 2426 grum
1020 2347 1065 2425 ogi
1086 2364 1171 2426 posse

168 2433 296 2512 thoologi
332 2434 466 2513 pioriquo
490 2441 644 2504 usserunt,
666 2440 701 2492 ut
731 2431 869 2491 firmatur
893 2432 965 2492 lust.
991 2432 1170 2492 cotesto.

167 2536 187 2578 n
212 2519 242 2578 7.
256 2518 334 2591 Quin
356 2526 387 2576 ot
407 2516 557 2595 probibtri
572 2523 693 2594 possunt
713 2514 751 2574 ab
764 2515 912 2594 Episcopis
930 2515 1027 2575 clerici
1047 2532 1171 2587 omnes,

168 2620 208 2664 no
221 2601 340 2663 choreus
352 2602 478 2672 ducunt,
493 2620 531 2661 no
551 2602 582 2660 in
602 2601 660 2660 iliis
676 2599 780 2658 ludunt
799 2599 1019 2667 instrumentis,
1030 2599 1103 2676 quin
1117 2616 1173 2658 noo

169 2689 342 2766 permittunt
355 2704 403 2745 cns
423 2686 488 2745 {ieri
504 2686 537 2744 in
557 2685 617 2743 suis
637 2684 749 2743 aedibus
768 2682 982 2751 ecclesiasticis,
996 2682 1174 2741 canonicali·

170 2771 248 2838 bus,
271 2768 508 2846 poroobiulibus,
528 2786 579 2827 scu
599 2768 689 2827 otium
710 2766 927 2826 beneficiatibus
946 2765 1094 2842 deputatis
1118 2782 1174 2842 pro

170 2854 321 2915 domicilio
341 2852 503 2912 beneficiati
516 2895 524 2919 ,
536 2853 649 2911 etiamsi
667 2850 725 2910 illm
745 2850 849 2909 tierent
866 2850 986 2909 nomino
998 2849 1175 2926 consangui-

171 2954 296 2997 neorum
317 2935 427 2994 ibidem
452 2934 706 3005 cohabitantium,
725 2951 791 3010 quoe
804 2932 893 2992 verbu
916 2940 985 2991 scrut
1001 2931 1081 2993 door.
1094 2933 1124 2990 S.
1138 2932 1172 2989 C.
1204 2997 1211 3009 ι

170 3019 472 3085 continentiores.
488 3019 536 3078 tt.
552 3038 582 3078 n.
598 3021 628 3078 8.

585 3182 761 3241 CHRISMA.

211 3339 254 3401 Ex
266 3355 331 3398 oon.
345 3335 382 3396 Si
395 3334 463 3415 quio
474 3332 510 3396 m
522 3329 599 3409 otio,
614 3333 652 3393 do
666 3350 797 3393 consecr.
814 3332 884 3392 dist.
898 3333 928 3392 i.
940 3331 1090 3410 colligitur
1101 3336 1182 3397 veti·

171 3431 237 3481 tum
254 3438 316 3481 csso
338 3417 471 3497 parochis
487 3416 566 3481 uliud
583 3416 709 3477 cbrismn
725 3415 815 3493 qubm
833 3417 871 3477 ub
884 3417 1025 3494 Episcopo
1038 3434 1092 3475 suo
1104 3435 1178 3477 con·

173 3511 316 3563 sociatum
334 3501 483 3562 adbibtro.
506 3503 577 3563 inst.
603 3502 710 3560 Eccics.
732 3502 781 3558 8t.
805 3519 836 3559 n.
852 3502 882 3559 2.
896 3499 1179 3581 omniquioumquo

175 3593 359 3660 coemptione
374 3584 506 3657 exclusi,
521 3593 554 3643 ut
568 3584 864 3649 cxPnoserino.1bid.
