2642 4167
193 221 250 284 tto
461 219 573 285 Precis
586 218 770 302 deseruerit.
786 221 860 303 Cup.
876 223 925 285 tt.

193 323 337 401 Martyres
358 321 449 385 suncti
473 320 581 383 hilares
603 321 639 382 ed
661 322 792 399 patibulo
814 321 1033 402 procedebant,
1054 333 1090 388 ut
1111 327 1201 391 cltids

194 402 252 468 hoe
266 408 431 485 periculum
451 405 636 485 effugerent,
658 416 690 466 et
712 407 774 467 Deo
794 406 976 469 fruerentur.
996 411 1070 471 ilinc
1091 412 1205 473 dicitur-

194 488 227 551 in
247 490 421 572 Apocalypsi
441 492 502 571 (ll.
518 489 580 568 ts.)
594 510 602 548 ε
618 490 709 550 Beati
725 489 858 561 mertui,
875 491 930 572 qui
947 492 980 551 ire
995 493 1125 556 Domino
1141 514 1203 556 mo·

193 572 352 635 riuutur...
363 583 397 635 ut
411 572 623 654 requiescenti
634 571 783 635 laboribus
795 573 870 635 cuir.
884 577 917 635 ln
931 575 986 636 hec
1001 577 1200 657 lacrymarum

195 657 271 717 selle
291 660 418 720 viatores
436 676 538 718 sumus
552 678 560 716 ι
576 658 682 718 Non...
703 655 842 720 delenire
855 650 903 720 tte
916 668 1082 722 monentem
1103 663 1203 724 ciuile

196 746 264 802 tem.
277 742 368 805 Hetr.
384 746 432 804 13.
447 744 495 803 ti.
508 742 715 820 Unusquisque
725 786 733 816 ‚
744 751 795 802 eut
806 745 867 805 ltex
877 786 886 818 ,
898 754 949 805 eut
958 746 1111 821 Pontifex,
1124 766 1203 809 mor·

198 832 258 887 tem
274 828 374 888 subire
395 826 493 891 debet.

234 928 302 988 nte.
328 929 469 987 Hortetur
494 926 671 998 infirmum,
695 936 730 986 ut
750 927 813 987 Deo
833 927 940 1004 pretias
961 940 1029 1008 egat
1050 932 1201 1010 quianon

197 1015 331 1092 permisit
352 1029 419 1072 eum
433 1013 522 1091 ‚mori
546 1022 680 1090 tempore
699 1029 759 1089 quo
778 1022 841 1071 crnt
864 1014 895 1073 in
918 1023 1056 1093 peecut03
1078 1026 1109 1078 et
1131 1019 1201 1095 quin

197 1105 267 1158 tunc
286 1097 382 1175 ipsum
399 1097 587 1156 sunnmentis
608 1096 758 1157 munitum
774 1096 923 1158 discedere
937 1098 1079 1176 disponit.
1098 1100 1200 1176 Dicet,

196 1183 298 1242 sultem
316 1189 443 1242 mortem
466 1181 570 1240 libenti
593 1181 693 1241 enimn
709 1180 913 1259 excipiendam
926 1200 1008 1254 esse,
1025 1184 1095 1261 quie
1106 1186 1205 1246 evodi·

198 1283 263 1326 mus
277 1273 323 1325 tot
335 1266 413 1325 leves
423 1264 569 1344 culpes,d
585 1264 694 1343 quibus
710 1265 743 1327 in
761 1263 817 1326 lieo
829 1266 891 1326 vite
908 1257 1055 1329 immunes
1065 1285 1203 1331 essenon

196 1366 362 1430 possumus.

235 1451 306 1509 250.
328 1449 412 1509 Dicet
429 1455 540 1528 oegroto
555 1468 563 1506 r
579 1450 686 1509 Frater
703 1447 766 1519 mi,
788 1432 918 1530 oportet,
938 1456 975 1510 ut
994 1456 1021 1513 te
1039 1449 1205 1529 coufirrnees

197 1528 348 1594 uoluntati
356 1532 432 1608 Dei,
446 1533 519 1611 quie
535 1531 638 1593 eminio
655 1530 788 1612 dispersit
801 1540 921 1614 propter
934 1541 1068 1594 nostrum
1082 1533 1204 1595 wnuur.

200 1615 276 1690 Quis
295 1615 373 1688 ecit,
396 1634 439 1675 ure
461 1615 490 1676 ei
510 1611 639 1695 uuiplic're
660 1614 791 1687 eineres,
813 1617 948 1676 crimem
967 1615 1125 1696 pedore?
1144 1620 1206 1678 Sed

196 1701 275 1760 dicet
289 1701 449 1760 infirmus:
467 1701 530 1779 Epo
544 1701 640 1759 virere
653 1708 802 1778 optarem,
822 1698 864 1760 erl
878 1698 1012 1778 aliquem
1023 1703 1084 1760 Deo
1097 1699 1132 1761 de
1144 1699 1207 1762 eul-

195 1783 246 1865 pie
268 1784 340 1844 meis
363 1779 595 1863 satisfactionem
618 1781 829 1860 prebendam,
851 1790 881 1844 et
901 1781 1019 1863 aliquid
1041 1782 1112 1844 boni
1133 1794 1207 1844 unte

198 1877 322 1927 mortem
331 1864 529 1949 pernpeurlum
541 1864 629 1934 ,dim
643 1884 736 1943 usque
754 1864 850 1928 adduc
865 1864 943 1928 nitri!
954 1867 1009 1946 epi.
1019 1868 1208 1946 Respondent

196 1954 357 2013 serendos:
380 1949 465 2023 Fili,
487 1947 574 2011 nulla
593 1952 770 2030 penitentie
793 1957 836 2011 est
859 1953 922 2011 Deo
941 1951 1038 2031 meeis
1063 1962 1206 2033 acceptu,
1314 1964 1315 1983 ³

196 2038 286 2120 φιὰοη
303 2041 425 2096 revortere
438 2034 472 2094 iu
487 2042 671 2114 mersurum
686 2031 883 2114 expiationem
898 2031 1020 2098 libenter
1035 2045 1208 2115 recepture5

197 2119 356 2200 nullusque
379 2127 463 2179 ectus
487 2116 643 2198 perfectior
664 2127 729 2193 eet,
751 2120 842 2198 puden
864 2127 988 2182 uierlern
1010 2119 1138 2200 occipere
1163 2120 1208 2181 ucl

194 2201 375 2266 edocentem
386 2203 444 2262 Dei
459 2200 668 2280 exequendum.

235 2306 304 2365 nst.
320 2304 374 2364 Vl.
386 2300 532 2363 Adversis
552 2305 745 2364 tentationem
767 2303 947 2366 oddoeeionis
961 2305 1046 2366 bonis
1060 2348 1070 2378 ‚
1086 2314 1117 2365 et
1133 2321 1208 2383 pro-

196 2389 328 2471 pinquis.
354 2388 402 2447 Eis
427 2388 534 2465 quibus
559 2388 636 2448 mori
663 2388 820 2467 displicet,
842 2390 912 2468 quie
937 2390 1027 2449 nimis
1050 2388 1209 2449 adherent

197 2473 283 2533 bonis
296 2516 304 2545 ‚
316 2471 395 2532 dicct
409 2472 620 2545 confessarius,
634 2470 698 2532 hoec
712 2491 772 2534 non
784 2491 846 2534 esse
859 2491 929 2533 vere
949 2473 1043 2541 bone,
1059 2471 1129 2532 erim
1143 2473 1210 2532 sint

196 2556 401 2627 trnnseuntie,
418 2563 449 2616 et
465 2555 503 2615 de
516 2556 599 2617 brevi
621 2557 788 2629 defecturo,
811 2566 842 2618 et
859 2559 884 2618 si
898 2575 958 2618 non
969 2557 1130 2627 deliciunt,
1150 2573 1211 2634 po·

196 2639 256 2702 tids
271 2641 405 2701 nnimum
422 2648 555 2719 angunt,
570 2639 658 2717 quim
673 2642 815 2701 solentur.

235 2740 347 2818 itt-st
371 2749 471 2800 eutem
489 2740 630 2819 affligitur
651 2741 789 2803 infirmus
810 2748 931 2820 propter
946 2757 1068 2800 uxorem
1082 2783 1090 2810 ,
1106 2738 1185 2799 lilios
1198 2784 1211 2808 ,
1254 2748 1257 2755 '

197 2832 249 2884 eut
272 2831 393 2901 nepotes
417 2824 561 2894 dilectos,
579 2843 653 2902 quos
669 2827 832 2903 relinquit,
849 2823 957 2884 blondo
975 2824 1017 2883 sic
1036 2822 1177 2883 hortetur
1199 2845 1210 2883 ε

197 2903 261 2969 Fili
272 2909 316 2966 mi
325 2951 333 2976 ,
348 2914 493 2967 statutum
509 2906 698 2968 eetornuibus
708 2908 787 2969 errori
796 2952 804 2978 ,
822 2925 920 2967 opines
930 2915 956 2966 te
976 2903 1078 2966 ordine
1090 2923 1217 2983 scqurrr·

199 2999 249 3052 tur
257 3014 269 3066 ,·
282 3008 362 3051 eune
381 2996 440 3050 tere
452 2985 547 3049 soluti
558 2988 694 3064 consule,
712 3000 740 3051 et
759 2991 894 3052 animaru
907 2998 989 3049 tuum
1001 2985 1107 3066 sarco,
1123 2995 1153 3047 et
1166 2991 1215 3048 sie

196 3092 251 3155 pro
272 3074 346 3154 ipris
367 3073 401 3133 ire
417 3068 485 3132 coelo
511 3071 631 3149 orabis,
649 3080 770 3155 uncique
785 3095 851 3136 rure
873 3074 947 3156 ipsis
969 3074 1026 3133 erle
1041 3070 1216 3151 aliquando

200 3160 301 3222 beatur
316 3157 362 3218 iu·
373 3164 526 3218 eternum.
541 3156 599 3218 Secl
619 3177 700 3219 rruue
712 3160 786 3242 quid
804 3157 937 3228 dulciore,
957 3159 1047 3239 qudm
1060 3155 1220 3236 proficisci

197 3241 238 3302 ed
252 3240 433 3302 menendum
448 3260 516 3302 euru
532 3244 604 3303 lesu
619 3242 751 3320 Cleristo,
772 3263 838 3305 urus
850 3241 963 3324 Repiun
976 3239 1060 3314 coeli,
1074 3248 1104 3300 et
1116 3240 1217 3299 orcini-

200 3325 401 3387 luctanctis!
482 3362 484 3365 ·

236 3419 305 3477 255.
319 3419 349 3476 Si
366 3427 464 3478 eutem
481 3419 614 3496 ungitur,
630 3421 698 3496 quie
713 3418 885 3497 conjunctos
899 3435 967 3477 suos
981 3414 1127 3492 relinquit
1140 3416 1217 3476 ino·

199 3516 269 3573 pes,
288 3500 315 3557 ei
328 3499 406 3558 dicnt
421 3522 429 3558 ε
445 3499 527 3561 Audi
535 3499 605 3579 siti,
623 3503 652 3563 si
673 3511 705 3562 lu
722 3510 863 3563 relermure
881 3501 1006 3563 salutem
1023 3498 1193 3577 assequeris
1206 3547 1219 3572 ‚

200 3574 293 3640 molto
306 3577 411 3642 ortelius
430 3581 465 3643 de
481 3583 572 3660 corle,
594 3590 682 3668 qccdru
694 3586 729 3648 de
746 3596 825 3648 terre
841 3589 900 3648 tuis
912 3604 995 3668 opem
1012 3580 1222 3665 serrepeterie
