2642 4167
171 241 211 299 ”20
450 233 564 295 Peneia
574 234 759 315 confessarii.
775 242 847 322 Cup.
866 243 895 302 l.

171 345 265 419 praet.
279 355 312 418 p.
324 336 386 414 55.)
397 333 547 406 dixerint,
562 353 623 396 non
643 345 688 396 est
705 337 916 416 dubitandum,
932 343 1006 421 quin
1021 346 1046 408 si
1061 348 1175 409 eonies·

171 424 265 483 sarius
280 421 448 499 cognoverit
468 421 662 497 poenitentem
680 439 741 483 non
760 431 830 485 satis
847 427 1004 505 diligenter
1024 432 1175 492 eonscien-

170 509 242 568 tiam
264 525 346 566 suam
362 506 544 576 discussisse,
558 514 692 566 teneatur
704 510 767 586 ipse
785 530 852 571 eum
876 513 1075 594 interrogare,
1091 515 1175 595 prids

169 594 208 653 de
227 592 348 671 peccatis
369 592 400 650 in
423 592 709 666 qriaovcrosimililer
726 595 856 656 incidere
875 606 1009 676 poterat,
1021 611 1053 660 et
1074 611 1174 678 postea

170 678 208 737 de
235 693 339 736 eorum
361 674 477 751 speeie,
499 683 529 732 et
556 692 702 746 numero,
726 688 760 738 ut
788 680 932 757 probatur
954 700 990 741 ex
1015 703 1042 744 o.
1070 685 1174 745 Oetaeis

168 760 324 839 uniusque
335 760 423 820 sertia
434 802 442 828 ,
454 757 606 819 dePoenit.
617 768 647 818 et
657 777 694 821 ex
703 764 764 823 Rit.
777 766 860 824 Runa.
871 764 958 842 (Vide
968 765 990 826 l.
1003 770 1034 827 6.
1046 787 1078 827 n.
1091 769 1173 847 607.)

206 847 256 908 20.
276 848 312 905 Et
332 841 380 903 lile
397 844 489 903 multa
505 844 764 906 animadvertenda
787 858 856 909 sunt
877 870 885 908 ε
908 851 933 909 l.
953 851 1106 929 perperim
1123 870 1173 912 eos

168 947 275 1008 agere,
298 929 349 1005 qui
368 928 454 986 rudes
479 927 652 998 dimittunt,
680 939 714 989 ut
734 929 839 992 melidis
857 951 888 993 se
908 937 1087 997 examinent.
1111 938 1173 997 Hoc

170 1016 208 1076 P.
222 1014 342 1093 Segraeri
355 1009 496 1089 (confess.
510 1012 587 1071 lust
602 1030 627 1072 e.
639 1012 682 1089 ι.)
692 1025 776 1076 vocat
789 1034 919 1077 errorem
936 1019 1173 1094 intolerabilem,

169 1107 198 1159 et
213 1097 282 1173 jure
296 1097 426 1174 optimoa
441 1096 509 1172 quia
525 1093 692 1172 hujusmodi
704 1097 851 1178 homines,
864 1100 1009 1179 quantiam
1020 1103 1172 1174 laborent,

169 1183 326 1241 dillienlter
348 1198 379 1239 se
401 1179 629 1253 examinabunt,
648 1192 681 1242 ut
700 1201 752 1260 par
770 1192 837 1258 est,
856 1194 885 1246 et
908 1187 947 1245 itu
965 1185 1082 1258 exacte,
1096 1188 1173 1247 sieut

170 1275 264 1345 potest
286 1268 348 1344 ipse
369 1263 559 1324 confessarius
578 1281 629 1324 aos
653 1269 836 1329 examinare:
851 1277 882 1330 et
898 1270 998 1330 contri
1012 1315 1021 1338 ,
1035 1269 1102 1331 ciam
1126 1271 1173 1331 di·

170 1351 249 1411 missi
269 1359 354 1419 sunt,
378 1348 543 1427 periculum
565 1350 644 1417 erit,
658 1361 693 1411 ut
709 1355 841 1413 exterriti
863 1354 1034 1415 difficultate
1055 1373 1086 1415 se
1104 1374 1173 1416 exa·

170 1435 322 1506 minandi,
335 1434 351 1493 a
367 1432 733 1496 confitendoretralmntur
745 1439 834 1508 ,etin
847 1440 971 1517 peccatis
980 1439 1174 1502 obdurescant

168 1519 251 1600 (ibid.
264 1538 294 1580 v.
306 1517 362 1579 Sed
374 1515 458 1593 boec.)
467 1540 478 1592 ,·
488 1534 545 1595 qua
555 1518 592 1578 de
605 1538 637 1578 re
650 1522 840 1600 confessarius
854 1523 941 1583 debet
953 1524 1061 1601 ipsoex
1074 1523 1175 1601 hujus·

168 1605 249 1664 modi
261 1603 472 1682 poenitentibus
486 1613 601 1680 peecata
614 1606 784 1683 exquirere,
797 1607 1061 1684 eosioterrogando
1074 1627 1175 1669 seeun-

167 1686 239 1748 ddm
250 1688 386 1748 ordinem
397 1696 609 1764 preceptorum
622 1730 629 1757 ,
645 1689 824 1767 prircipudsi
837 1700 907 1750 sunt
917 1689 1035 1759 famuli,
1045 1692 1171 1770 sturiga,

166 1772 331 1841 muliones,
345 1771 474 1840 milites,
489 1770 647 1841 satellites,
660 1790 823 1850 caupones,
837 1775 925 1834 etalii
940 1771 1028 1850 hujus
1037 1777 1171 1852 generis,

168 1856 218 1932 qui
234 1856 325 1914 vitam
344 1856 439 1914 solent
452 1855 559 1915 ducere
571 1865 689 1915 aeternae
703 1858 804 1917 salutis
819 1858 1015 1935 negligenter,
1028 1868 1058 1917 et
1070 1876 1172 1920 rerum

168 1940 336 1999 divinarum
358 1941 542 2017 ignorantes,
557 1940 662 2018 procul
677 1939 694 1998 d
713 1940 902 2000 concionibus
912 1943 966 2011 ,ot
978 1943 1124 2002 Ecclesiis.
1135 1945 1173 2003 Et

167 2022 223 2084 boe
243 2023 325 2101 pejor
350 2034 550 2102 erroresset,
574 2025 599 2084 si
620 2024 659 2084 ob
678 2026 822 2088 delectum
845 2027 987 2085 examinis
1007 2025 1173 2087 dimitteret

166 2113 296 2189 aliquem
315 2110 440 2181 rudem,
455 2111 506 2188 qui
528 2108 613 2170 antei
629 2119 752 2188 propter
770 2110 911 2170 ruborem
928 2111 1046 2187 aliquod
1070 2128 1173 2187 pecea-

166 2209 232 2258 tum
253 2196 406 2256 retieuerit
415 2240 425 2270 ,
442 2195 576 2272 quamvis
596 2195 764 2272 repetendae
779 2203 874 2254 essent
886 2195 1079 2254 consessiones
1091 2195 1171 2253 mul·

166 2293 264 2344 tortam
284 2297 449 2354 annorum,
464 2288 585 2357 propter
596 2280 691 2355 majus
701 2280 865 2356 periculam
878 2278 957 2355 quod
971 2288 1041 2337 tune
1051 2277 1170 2350 subest,

167 2384 272 2445 nempe
292 2363 372 2442 qubd
390 2364 414 2424 si
432 2382 492 2424 non
511 2363 631 2434 redeat,
648 2364 756 2440 peribit
773 2360 916 2440 (Ibidem).
930 2361 1070 2421 Advertat
1090 2361 1172 2422 nihi·

165 2449 294 2513 lominirs
309 2448 500 2509 confessarius
514 2465 544 2506 se
557 2465 616 2507 non
637 2448 731 2507 teneri
752 2457 812 2507 tam
834 2443 947 2505 minuti
969 2444 1022 2505 hos
1040 2447 1171 2508 interro-

164 2554 233 2615 gare
245 2556 255 2610 ς
267 2535 429 2611 interroget
446 2530 561 2592 tantiam
574 2530 611 2591 de
624 2532 766 2609 peccatis,
781 2531 812 2589 in
826 2547 891 2606 qun
902 2529 1026 2589 faciliter
1038 2528 1170 2590 incidere

166 2627 308 2700 possunt,
322 2616 448 2695 spectati
466 2634 570 2676 eorum
592 2616 761 2676 conditione
780 2624 809 2674 et
828 2615 984 2692 capacitate
996 2633 1005 2687 ς
1019 2612 1079 2674 imd
1099 2612 1170 2674 caim

163 2705 327 2784 poenitcns,
343 2698 410 2761 licet
420 2700 502 2760 rudis
515 2743 523 2772 ,
536 2700 671 2759 videntur
683 2699 859 2758 sufficienter
868 2714 930 2758 esse
943 2698 1123 2767 instructus,
1137 2707 1170 2757 et

164 2789 289 2865 diligens
307 2785 339 2845 in
357 2785 524 2845 conlitendo
537 2795 651 2864 peccata
670 2802 737 2845 cum
758 2783 818 2842 suis
831 2781 1075 2852 circumstantiis,
1082 2778 1167 2855 juxta

163 2882 271 2933 statum
287 2887 373 2928 suum
391 2879 421 2929 et
441 2871 628 2947 rapacitatem
641 2870 710 2947 (alio
727 2868 807 2927 enim
821 2868 909 2928 modo
933 2875 1091 2925 teneturse
1104 2885 1168 2927 exa·

164 2956 276 3016 minare
297 2952 419 3023 doetus,
432 2962 462 3012 et
480 2954 537 3013 alio
562 2952 677 3029 rudis),
693 2960 764 3011 tune
782 2952 973 3011 confessarius
991 2949 1064 3009 nihil
1086 2952 1168 3011 allud

164 3047 280 3101 tenetur
308 3038 490 3115 interrogare
510 3036 654 3116 (Ibidem).
676 3039 714 3096 ll.
736 3037 921 3111 Notandum,
939 3037 1044 3095 melius
1057 3054 1119 3095 esse
1141 3038 1167 3096 si

163 3122 353 3185 confessarius
373 3123 522 3200 sigillatim
537 3124 684 3182 examinet
702 3130 818 3200 peecata
841 3121 940 3182 statim
957 3139 991 3179 ac
1002 3138 1034 3178 ea
1046 3122 1168 3198 exponit

163 3209 323 3285 praenitens,
344 3205 432 3283 qulam
454 3217 487 3266 ut
510 3206 627 3266 dillerat
649 3225 772 3266 exarmen
790 3225 882 3283 usqne
901 3205 937 3263 ad
964 3203 1077 3279 linem3
1096 3207 1166 3281 quia

94 3295 97 3300 ’
162 3300 212 3349 nut
223 3291 345 3349 luciliter
363 3291 554 3350 confessarius
566 3291 750 3351 obliviscitur
766 3309 870 3350 eorum
885 3307 952 3366 quoe
967 3288 1079 3347 audiuit
1092 3331 1101 3358 ,
1114 3298 1167 3347 ιιιι

162 3374 332 3450 obligandus
348 3385 422 3434 esset
436 3377 580 3451 ptoenilens
594 3394 660 3434 eum
678 3394 732 3435 suo
750 3376 831 3453 gravi
851 3392 941 3433 onere
953 3372 989 3431 ad
1008 3372 1167 3452 repetenda

161 3458 288 3517 consessa
304 3456 416 3536 (lituu.
431 3461 483 3518 ltl.
501 3461 606 3518 Errare
617 3476 667 3518 eos
685 3458 893 3526 confessarios,
913 3458 963 3533 qui
977 3457 1081 3515 aotam
1102 3474 1167 3514 cer·
1203 3495 1206 3500 -

162 3551 225 3599 tum
241 3539 385 3617 judicium
405 3543 498 3603 lacere
516 3543 553 3603 de
574 3544 683 3622 peceati
704 3545 863 3622 qualitate,
875 3561 913 3601 nn
933 3541 972 3600 sit
991 3557 1100 3617 grave,
1117 3541 1165 3600 uel

160 3625 244 3700 lere,
264 3627 446 3706 exquirendo
458 3627 475 3690 ἐι
486 3629 609 3691 rudibus
619 3629 683 3689 istis
701 3630 725 3690 si
742 3647 796 3709 pro
815 3628 932 3691 mortali
947 3623 1112 3700 habebant,
1126 3644 1164 3686 nn
