2642 4167
402 204 429 284 S.
444 208 496 266 ill.
513 207 621 268 Prasia
636 205 779 267 orationis
788 202 937 271 arterrtniis.
1115 210 1173 271 liiii

167 307 292 372 Carolus
304 304 417 385 Corofo
431 304 547 385 piorum
564 307 768 384 operariorum
785 306 947 379 fundator,
963 323 1056 368 unum
1071 315 1171 372 actum

164 395 274 455 amoris
294 410 361 457 oum
384 391 474 450 animi
493 390 608 451 fervore
628 408 716 452 mane
746 391 779 452 in
803 391 937 452 oratione
959 391 1090 469 laetum,
1110 394 1171 454 sul·

163 478 254 538 licere
298 475 336 535 ad
363 473 548 535 retinendam
573 476 701 536 animam
733 475 765 536 in
801 494 855 536 suo
885 477 1001 537 fervore
1037 494 1091 555 per
1124 484 1172 538 to·

166 571 229 620 tum
255 560 347 629 diem.
371 557 474 632 Quoad
499 567 597 617 autem
611 562 749 637 tempus,
775 559 855 636 quod
885 560 917 620 in
938 561 1071 620 oratione
1088 561 1171 621 insu·

162 645 306 704 mendum
324 643 397 710 erit,
412 639 573 718 parochus,
597 652 648 701 aut
672 643 862 702 confessarius
874 654 929 720 pro
946 662 996 702 sua
1015 644 1172 723 prudentia

162 745 193 799 se
213 727 334 804 dirigat.
348 728 467 785 Certum
481 733 547 796 est,
567 733 601 784 ut
615 727 650 784 ad
671 727 857 802 perfectionis
871 726 996 804 gradum
1013 727 1171 788 sublimem

149 810 354 888 ,perveniatur
366 852 374 878 ,
384 808 489 868 medioe
497 806 578 869 horae
588 810 715 887 spatium
724 828 783 869 non
790 828 851 870 esse
859 811 1015 871 sufficiens.
1026 808 1172 872 Caeterirm

163 895 233 953 satis
253 894 312 954 erit
335 891 391 953 hoo
408 901 524 971 tempus
541 902 605 969 'pro
632 893 865 970 incipientibus,
889 912 963 972 quos
977 894 1046 954 vend
1069 892 1172 954 scduld

163 985 307 1047 moneat,
340 994 378 1035 ne
403 977 566 1036 orationem
592 977 729 1036 omittant
755 975 822 1037 ciam
842 986 959 1055 tempus
983 977 1172 1038 desolationis

161 1060 327 1121 advenerit.
344 1060 523 1121 observetur
543 1060 624 1137 quod
645 1060 756 1122 dietum
774 1070 817 1122 est
836 1081 869 1122 ιι.
886 1064 955 1123 lii.
972 1063 1028 1122 Sed
1049 1079 1173 1140 progre-

163 1144 282 1207 diamur
300 1144 336 1203 ad
353 1145 476 1204 modum
492 1145 657 1222 praetionm
677 1146 836 1212 orationis,
854 1163 944 1225 quem
959 1145 1064 1207 dooere
1078 1146 1171 1207 decet.

163 1228 266 1287 Oratio
284 1226 378 1287 tribus
401 1235 512 1287 constat
531 1228 687 1305 pertibus,
709 1231 947 1306 mpraeparatione
962 1229 1171 1301 meditatione,

161 1318 193 1370 et
208 1310 406 1371 conclusione.
427 1313 460 1369 ln
485 1312 699 1389 praeparatione
724 1321 782 1372 tres
803 1315 992 1374 eontinentur
1011 1313 1172 1390 actusqui-

164 1395 219 1454 bus
240 1413 275 1454 se
292 1393 431 1456 exercere
450 1395 558 1466 debet,
578 1393 652 1474 fidei
675 1414 780 1474 nempe
805 1416 859 1476 per
880 1399 1064 1475 presentiam
1089 1398 1170 1474 Dei,

163 1465 363 1553 humilitatis,
389 1486 420 1538 et
443 1475 670 1559 supplicationis
694 1481 788 1541 divini
815 1482 948 1541 luminis.
978 1480 1109 1541 Dicendo
1140 1483 1170 1539 l.

162 1564 247 1622 Deus
268 1579 368 1634 merra,
386 1561 468 1637 eredo
490 1571 515 1622 te
536 1561 614 1624 arilei
631 1580 690 1625 esse
710 1571 904 1644 presentem,
926 1571 956 1624 et
977 1563 1010 1623 io
1029 1554 1101 1622 orei
1123 1561 1173 1623 ni·

162 1641 223 1721 ltili
239 1633 343 1726 abysso
359 1608 508 1708 demersus
531 1647 710 1727 majestatem
732 1656 815 1706 tuom
835 1645 937 1707 odoro.
969 1649 999 1707 2.
1020 1647 1171 1717 Domina,

162 1736 284 1809 propter
292 1739 410 1809 peccato
422 1748 487 1789 moa
501 1748 580 1790 ιιιιιιι
596 1748 646 1811 epo
672 1729 707 1790 in
732 1727 851 1809 infirmo
871 1727 1048 1790 cruciandus
1065 1747 1172 1805 essem,·

163 1829 213 1872 me
232 1812 354 1891 penitet
377 1812 530 1892 offendisse
558 1821 604 1883 te,
635 1832 690 1894 per
708 1815 847 1908 pietatem
874 1820 957 1874 ruam
979 1812 1056 1873 mata·
1073 1831 1173 1895 parce.

163 1895 195 1956 5.
206 1897 299 1956 Pater
310 1905 416 1958 eterne
424 1904 566 1977 propter
574 1899 692 1971 Iesum,
709 1905 738 1958 et
744 1896 879 1958 Murrum
890 1917 928 1978 pr
928 1897 985 1958 rebe
995 1895 1174 1959 miditatem
1279 1966 1285 1979 ι

164 1979 284 2039 tecm
270 2000 305 2041 m
323 1978 378 2059 laco
397 1982 545 2055 oratione,
563 1989 598 2045 ut
617 1981 654 2042 ab
674 1999 709 2041 eo
726 1968 858 2061 sructura
873 1981 1045 2083 percipiam.
1060 1980 1175 2043 Deindir

162 2065 281 2135 dicetur
308 2067 399 2127 semel
426 2067 562 2126 salutatio
591 2060 728 2141 Angelioa
754 2068 853 2128 Mariae
878 2069 927 2129 SS.
949 2077 984 2129 ut
1010 2070 1019 2128 i
1021 2088 1072 2147 psa
1097 2067 1174 2129 hanc

163 2151 306 2226 impetret
324 2150 436 2222 lucern,
456 2157 486 2209 et
507 2151 596 2209 semel
617 2147 722 2211 Gloria
740 2150 835 2223 Patri
850 2153 881 2212 S.
897 2153 1040 2233 iosepho,
1060 2151 1175 2232 Angeia

162 2235 302 2307 custodi,
328 2244 359 2297 et
381 2237 411 2295 S.
440 2235 577 2297 Patrono.
599 2235 636 2294 lli
659 2245 739 2296 aetus
763 2236 836 2297 fiant
863 2255 931 2299 cunr
958 2241 1049 2299 animi
1075 2247 1175 2299 atten-

163 2318 265 2390 tione,
282 2320 333 2379 sed
346 2318 493 2390 breviter,
509 2327 540 2378 ot
554 2319 654 2379 statim
672 2320 877 2398 progrediatur
887 2319 923 2380 ad
936 2323 1170 2383 meditationem.

206 2402 274 2463 220.
290 2403 372 2465 Circa
389 2402 610 2473 meditationem
620 2446 636 2479 „
652 2401 740 2481 juvat
764 2404 871 2476 illum,
900 2405 952 2481 qui
975 2407 1074 2483 legere
1091 2404 1170 2473 seit,

163 2486 212 2546 uti
224 2487 324 2564 aliquo
337 2487 432 2559 lilrro,
458 2487 586 2546 sistendo
604 2487 654 2549 ubi
670 2488 777 2548 sentiat
795 2489 929 2549 animum
946 2505 1034 2548 suum
1047 2486 1170 2547 moveri.

166 2569 222 2629 Ait
233 2572 267 2631 S.
285 2570 461 2630 Francisrara
475 2567 605 2631 salesius
627 2572 659 2630 in
678 2570 733 2629 hae
755 2589 790 2631 ro
817 2570 927 2630 debere
945 2589 999 2629 nos
1022 2587 1090 2647 apos
1105 2570 1174 2629 imi·
1189 2641 1193 2646 .

166 2655 247 2730 tart,
268 2652 464 2732 praetendit}
486 2656 686 2716 immorantur
709 2656 761 2713 nni
781 2654 848 2714 llori
860 2696 870 2727 ,
891 2652 1057 2729 usquedirm
1077 2662 1175 2715 totum

162 2739 228 2801 mel
247 2740 448 2810 extraxerint,
465 2747 494 2800 et
518 2735 618 2816 posted
637 2736 674 2803 ad
699 2737 791 2795 alium
812 2743 922 2795 meant.
939 2737 996 2808 Qui
1018 2746 1116 2798 autern
1131 2738 1174 2797 le·

163 2824 366 2898 gemursam,
390 2822 550 2883 meditetur
571 2819 753 2890 novissima,
781 2818 835 2877 Dei
863 2816 1030 2890 beneficia,
1056 2829 1086 2880 et
1107 2829 1175 2881 ante

162 2902 268 2971 omnia
287 2906 420 2967 vitamet
440 2907 604 2983 passionem
622 2904 691 2964 lesu
717 2902 850 2964 Christi
875 2900 936 2962 haec
955 2902 1054 2979 (aitS
1077 2906 1177 2964 Fron-

162 2985 416 3069 amandalarios}
421 2989 506 3049 nobis
519 2988 607 3048 debet
618 3005 680 3048 esse
690 2997 788 3048 nostra
802 2986 953 3047 meditatio
963 2985 1121 3046 ordinaria.
1128 2986 1174 3045 Olr

162 3070 258 3147 quim
281 3073 426 3133 excellens
450 3072 526 3132 liber
555 3081 599 3132 est
620 3076 717 3151 passio
739 3071 845 3131 Christi
868 3070 1020 3130 animabus
1041 3068 1172 3129 devotis!

161 3153 212 3216 ibi
224 3152 330 3214 meliirs
346 3154 459 3231 quim
450 3172 483 3214 ιιι
500 3155 633 3232 quolibet
648 3155 726 3215 libro
736 3154 898 3232 percipitur
918 3153 1028 3231 peceati
1044 3152 1175 3222 malitia,

162 3245 200 3296 et
224 3237 280 3297 Dei
303 3255 388 3298 amor
410 3255 480 3313 erga
502 3237 665 3299 hominem.
689 3237 861 3311 Quaedam
852 3253 949 3312 unago
972 3235 1186 3312 Redemptoris

162 3319 422 3416 semelquondam
439 3321 565 3381 allocuta
584 3330 628 3381 est
657 3323 760 3382 Vener.
784 3322 836 3379 Fr.
859 3317 1083 3378 Bernordurnci
1103 3321 1175 3380 Gor·

164 3400 265 3477 tione,
276 3421 331 3480 qur
324 3404 383 3462 ab
399 3404 450 3464 ille
460 3405 534 3463 scire
560 3405 667 3482 petiit,
680 3424 719 3464 an
732 3404 820 3463 vellet
831 3402 941 3480 ,utips
942 3401 1067 3478 elegere
1083 3401 1176 3462 disce-

167 3490 285 3545 restet
294 3486 452 3545 crucifixus
474 3487 657 3565 respondit:
681 3485 762 3561 Quid
781 3493 833 3545 tuo
851 3482 942 3565 tepere
959 3485 1075 3563 refert?
1098 3485 1177 3562 Quid

169 3567 227 3631 tibi
238 3564 410 3646 tiammo
425 3586 495 3635 ιιιιιι
507 3554 581 3634 liter
598 3577 688 3659 terea,
704 3567 808 3634 iaici
769 3571 792 3634 ti
792 3565 955 3652 bisuffieit.
