2642 4167
318 188 344 269 5.
362 189 399 248 ll.
414 183 604 246 Deucalione
619 181 875 265 testeatrplatiorio
885 232 892 256 ,
903 194 955 248 etc.
1094 190 1148 252 191

139 292 252 370 dantiae
269 287 525 371 opposita,debet
550 303 583 347 ea
604 286 727 348 omnino
749 285 927 365 prohibeam
951 287 976 348 si
998 289 1151 353 verdoun

139 381 202 441 sint
214 376 385 459 prudentiae
396 374 560 443 contraria,
579 372 715 450 expedit,
737 378 889 432 uteorum
906 373 1065 451 suspendat
1084 392 1153 437 exe·

142 463 296 525 cutionem
319 476 473 538 quousque
496 457 632 518 deveniat
651 456 685 516 in
713 454 857 533 majorem
886 457 1096 533 securitatem,
1122 470 1153 522 et

143 545 240 608 multd
261 546 356 624 magis
369 544 461 604 sires
472 542 532 611 sint
543 541 794 617 extraordinarie.

180 631 252 692 119.
271 629 408 705 Denique
424 627 504 705 quod
520 627 626 688 attinet
640 626 678 686 ad
700 622 890 687 revelationes
906 644 1006 687 rerum
1025 630 1153 691 occulta·

141 735 212 778 rum
225 759 234 787 ,
251 720 305 774 aut
317 713 505 782 suturarum,
524 720 558 771 ut
570 711 680 771 scilieet
692 710 867 788 mysterium
878 711 946 771 fidei
960 755 969 784 ,
984 713 1076 774 status
1088 732 1154 775 con·

141 801 355 868 scientiarum,
370 796 636 875 predestinationis
650 795 837 863 animarum,
851 796 975 867 mortis,
995 801 1154 874 promotio

142 886 187 944 nis
200 883 238 944 ad
252 883 383 959 aliquam
401 879 575 958 dignitatern
589 924 598 952 ,
619 888 649 939 et
668 879 713 938 his
725 877 853 955 similia;
867 878 913 939 he
925 889 1047 957 possunt
1060 883 1153 961 tripli·

142 969 217 1029 citer
233 965 356 1037 haberi,
374 980 482 1044 nempe
497 982 551 1042 per
563 965 708 1034 visiones,
732 980 787 1042 per
800 963 982 1038 locutiones,
998 971 1029 1026 et
1040 984 1094 1045 per
1105 968 1152 1028 in·

141 1051 321 1131 telligentios
332 1049 480 1109 nudarum
495 1050 667 1109 veritatum.
683 1049 717 1108 ln
738 1045 908 1124 hujusmodi
922 1050 1151 1113 revelationibus

140 1136 231 1196 debet
250 1134 380 1195 director
392 1150 531 1211 magnam
546 1131 688 1193 adhibere
703 1132 910 1211 prudentiam,
933 1151 987 1193 nec
1004 1134 1043 1194 sit
1062 1135 1152 1197 nimis

139 1219 235 1287 facilis
252 1217 290 1277 ad
304 1216 504 1288 eredendum,
521 1225 552 1276 et
566 1216 715 1296 precipue
732 1216 770 1276 ad
790 1217 1014 1295 exequendum,
1033 1220 1152 1298 quarmo

140 1305 240 1383 aptus
262 1302 300 1363 de
319 1301 505 1362 certiorando
531 1302 660 1379 aliquem
686 1302 724 1361 ob
755 1303 892 1362 notitiam
916 1303 947 1362 in
971 1304 1152 1366 revelatione

141 1396 302 1466 acceptam.
314 1389 391 1447 Ante
413 1386 511 1445 omnia
529 1385 633 1462 iubeat
656 1387 781 1457 anime,
801 1403 840 1445 ne
858 1386 1067 1447 revelationem
1087 1388 1152 1449 aliis

140 1472 269 1544 indicet,
282 1471 383 1549 etipse
395 1470 560 1531 cautissime
572 1489 690 1549 semper
697 1464 847 1549 procedat,
857 1470 917 1532 imd
927 1478 1029 1530 utatur
1041 1473 1152 1550 sapien·

141 1556 255 1616 tiorum
272 1555 415 1624 consilio,
433 1554 573 1631 quoniam
582 1562 616 1614 ut
629 1553 794 1634 plurimum
812 1555 883 1614 tales
895 1553 1089 1613 revelationes
1101 1554 1153 1614 du*

139 1639 297 1709 hiesunt,
311 1647 340 1699 et
356 1646 510 1716 suspecte.
525 1637 623 1699 Minus
632 1636 704 1699 verd
715 1646 856 1715 suspecte
866 1645 936 1695 sunt
950 1637 1151 1715 intelligentie

138 1723 324 1802 simplicium
339 1723 497 1786 veritatum
518 1724 595 1783 eirca
615 1721 775 1802 mysteria,
790 1719 929 1780 attributa
952 1719 1071 1791 divina,
1089 1737 1151 1779 ma·

138 1809 238 1868 litiam
256 1809 385 1886 peccati,
409 1807 617 1867 damnatorum
641 1805 868 1875 infelicitatem,
892 1812 923 1863 et
950 1802 997 1863 his
1016 1805 1124 1864 similia
1138 1825 1161 1890 ι

138 1889 205 1952 hec
220 1892 340 1970 quando
354 1897 424 1951 sunt
439 1890 509 1950 fidei
529 1892 690 1955 conformia
703 1935 712 1961 ,
727 1891 825 1969 inquit
835 1891 868 1950 S.
881 1889 1044 1950 Jaaaneat
1061 1890 1152 1950 cruce

138 1973 251 2054 (Solita
266 1974 286 2036 1.
305 1978 352 2037 11.
368 1995 395 2038 e.
408 1975 487 2054 ila),
508 1974 589 2053 qudd
602 1977 700 2034 anima
720 1993 781 2034 uon
792 1975 890 2034 debet
911 1975 975 2035 illas
993 1985 1150 2053 expetere,

140 2059 195 2120 sed
208 2060 233 2120 si
249 2060 305 2137 ipsi
319 2060 540 2132 concedantur,
557 2057 712 2119 humiliter
723 2066 794 2119 suut
806 2060 843 2120 ab
859 2077 893 2119 ea
913 2059 1104 2139 accipieude‚
1120 2067 1150 2119 et

138 2160 204 2204 non
218 2143 391 2204 refutandae.
798 2198 800 2203 ⁴

179 2230 251 2288 ll3.
265 2228 369 2287 Oritur
381 2225 429 2287 hic
450 2226 596 2287 dubium:
610 2224 718 2288 Utrdm
732 2245 835 2289 omnes
847 2229 910 2291 iste
924 2230 1151 2309 speciesgratia·

139 2329 211 2373 rum
227 2319 260 2372 et
283 2312 584 2372 communicationum
605 2315 873 2390 supernaturalium
897 2315 1024 2374 debeant
1044 2313 1148 2390 rejici,

137 2405 192 2455 aut
211 2396 367 2473 acceptari.
390 2398 427 2456 Et
443 2396 686 2475 distinguendum
701 2406 761 2469 est,
787 2407 821 2457 ut
833 2399 875 2457 ait
899 2398 1003 2458 doetus
1028 2397 1149 2474 quidam

139 2483 252 2540 Auctor
264 2480 312 2557 (F.
327 2479 476 2541 Bernord.
489 2479 529 2540 da
546 2477 734 2541 Casteloetere
745 2525 755 2556 ,
766 2482 873 2541 Dirett.
886 2483 974 2542 Mtss.
992 2477 1015 2539 t.
1029 2483 1059 2540 9.
1071 2497 1104 2559 p.
1117 2483 1149 2540 9.

140 2580 167 2623 c.
182 2561 226 2641 1.)
242 2581 311 2623 cum
324 2565 356 2636 S,
372 2564 519 2625 Joanaea
538 2565 645 2636 Crete,
663 2575 694 2625 et
712 2566 796 2624 aliis:
812 2564 914 2641 gratie
924 2565 982 2623 ille
994 2563 1163 2639 quecun-¹

140 2645 243 2723 gantis
261 2646 340 2719 lide,
352 2665 388 2707 ex
401 2666 436 2708 eo
454 2649 524 2726 quia
543 2649 706 2710 consistunt
719 2650 750 2706 in
767 2645 943 2723 quibusdam
963 2645 1076 2704 notitiis
1089 2645 1151 2705 dis-

138 2731 259 2797 tinctis,
280 2737 316 2791 ut
334 2740 405 2792 sunt
424 2733 570 2801 visiones,
590 2731 755 2791 locutiones
768 2767 782 2797 ,v
795 2736 826 2789 et
852 2730 1071 2802 revelationes,
1097 2728 1150 2789 lias

139 2822 258 2891 oportet
276 2817 357 2875 omni
380 2825 487 2877 conatu
508 2817 654 2894 rejicere3
674 2814 725 2875 sed
745 2815 825 2885 illue,
846 2830 883 2874 ex
904 2808 1059 2892 opposito,
1083 2833 1150 2895 que

139 2905 212 2959 sunt
223 2898 391 2977 uniformes,
404 2900 491 2971 fidei,
504 2908 539 2959 ut
552 2908 620 2960 suut
631 2898 744 2960 notitie
768 2900 915 2970 eoniuse',
934 2907 964 2958 et
978 2899 1148 2976 generales,

138 2987 169 3038 et
179 2989 276 3041 uuus
286 2980 398 3053 divini,
418 2984 470 3061 qui
489 2984 598 3044 uniunt
611 2984 740 3044 animam
754 2986 838 3056 Deo,
855 3001 915 3044 non
930 2991 1000 3042 suut
1012 2980 1154 3059 rejicien-

138 3061 204 3132 de,
218 3063 282 3124 imd
298 3076 419 3142 possunt
434 3067 589 3128 humiliter
610 3068 728 3146 expeti,
755 3080 785 3129 et
805 3067 985 3136 desiderari,
1004 3076 1039 3126 ut
1057 3066 1151 3142 magis

140 3147 293 3224 magisque
308 3149 371 3210 Deo
382 3152 521 3224 uniatur,
537 3161 567 3212 et
579 3153 611 3212 in
625 3171 680 3212 suo
694 3161 795 3213 sancto
808 3170 908 3213 amore
920 3149 1074 3210 solidetur.
1089 3151 1151 3210 lloc

140 3230 338 3292 nihilominus
350 3234 529 3314 intelligitur
548 3255 603 3314 pro
620 3236 679 3296 illis
691 3238 867 3310 animabus,
883 3232 1020 3312 quaejam
1040 3232 1151 3294 donau·

141 3319 191 3372 tur
205 3314 354 3378 similibus
370 3318 539 3393 favoribus,
553 3321 696 3398 quoniam
708 3340 763 3400 pro
777 3321 840 3379 aliis
854 3319 945 3378 tutior
955 3317 1001 3375 via
1015 3326 1057 3378 est
1072 3317 1150 3378 desi·

141 3394 246 3466 derare
259 3406 290 3460 et
302 3410 440 3481 expetere
460 3404 667 3465 tantummodo
690 3407 830 3466 unionem
846 3403 989 3472 activam,
1006 3419 1095 3480 que,
1117 3411 1150 3463 ut

142 3478 290 3558 diximus,
310 3494 356 3545 est
374 3488 447 3548 uuio
469 3489 630 3549 voluntatis
650 3498 757 3549 nostre
778 3506 846 3548 cum
863 3486 964 3548 divina
985 3487 1147 3549 voluntate.

144 3561 379 3709 Dirpctoriiqppaar
398 3571 562 3652 quando-ei
585 3573 747 3633 occurrerit
762 3573 861 3634 anima
875 3589 943 3635 cum
962 3568 1009 3715 ppt
1020 3590 1150 3654 commu·

211 3666 268 3706 0111.
343 3693 351 3711 0
