2642 4167
180 244 238 309 rto
375 287 396 302 .-
451 242 563 306 Procris
582 239 767 325 consectarii.
779 242 852 325 Cep.
869 243 917 305 ll.

181 341 406 416 vementibus,
414 340 601 422 phreneticis,
610 341 875 423 delirantibus,qni
885 341 958 404 dum
969 340 1091 406 rationis
1102 358 1192 407 urum
1235 359 1240 363 ’

181 423 368 497 babuerunt,
391 427 434 507 pii
459 425 552 487 animi
579 425 825 506 significationem
850 426 1007 496 dederint,
1036 436 1066 487 et
1085 427 1192 488 Exi-ree

182 528 262 572 marn
276 510 451 572 Unctionem
475 510 638 588 petierint,
660 519 713 572 aut
737 510 936 572 verisimiliter
951 509 1119 588 petiissent,
1140 521 1194 574 aut

182 596 369 656 contritionis
389 595 508 673 signum
521 593 679 665 dederint,
691 603 807 655 remoto
826 594 1026 655 irreverentiae
1041 595 1193 673 periculo,

182 676 246 738 dari
260 687 375 758 petest3
392 686 423 739 ot
441 676 478 739 ed
502 678 615 756 magis,
635 677 662 738 si
683 677 816 739 lucidum
832 677 951 756 aliquod
963 679 1087 739 rationis
1103 680 1195 740 inter·

183 763 294 824 vallum
312 761 433 823 habent.
459 763 494 821 ln
513 761 606 821 dubio
622 767 745 836 autem,
770 779 809 822 nu
826 762 893 839 quis
916 779 1048 839 unquam
1068 763 1196 842 rationis

185 860 272 906 usum
295 845 455 916 habuerit,
481 844 680 907 conditionate
704 843 769 906 dari
789 853 897 924 potest.
914 845 996 906 ldem
1020 845 1058 906 de
1080 844 1194 918 ebriis,

182 929 255 989 siin
275 931 380 991 mortis
397 929 528 1010 periculo
557 929 646 1002 sint,
673 929 731 989 nisi
754 938 853 990 tamen
874 938 988 992 constet
1018 931 1050 990 in
1072 933 1195 1008 mortali

185 1014 271 1091 eulpa
301 1014 413 1083 luisse,
440 1010 509 1074 ciam
537 1028 640 1073 sensus
659 1012 718 1090 ipsi
742 1012 915 1088 amiserint3
938 1013 1196 1092 impoenitentibus

186 1098 290 1168 enim,
314 1097 415 1175 etqui
433 1096 465 1156 in
489 1095 644 1157 manifesto
666 1104 785 1174 peccato
808 1097 999 1167 moriuntur,
1014 1115 1131 1160 necnon
1150 1118 1197 1161 ex·

185 1180 406 1242 communicatis
416 1177 533 1258 penitirs
544 1179 682 1259 denegari
697 1179 799 1257 debet,
809 1187 842 1240 ut
852 1180 975 1241 Ritualis
984 1181 1071 1242 Rom.
1080 1194 1196 1254 monet,

185 1264 254 1326 vide
273 1260 294 1325 l.
309 1282 336 1325 c.
358 1283 390 1325 rr.
409 1264 477 1325 752.
494 1263 666 1324 llulieribus
680 1264 794 1335 ctiam,
815 1263 840 1325 si
859 1263 1009 1343 obpnruis
1021 1264 1140 1328 dolores
1165 1269 1196 1329 in

147 1359 155 1368 ’
186 1348 292 1410 mortis
314 1348 445 1427 periculo
466 1347 550 1424 sint,
573 1348 700 1410 conferri
728 1355 834 1426 potest.
858 1347 912 1408 Vl.
941 1348 1096 1410 Orationes
1119 1369 1198 1430 proe-

187 1433 304 1512 seriptoe
316 1476 325 1504 ‚
337 1440 419 1493 extra
444 1431 591 1503 sormam,
615 1431 647 1491 in
664 1447 733 1492 casu
752 1430 930 1492 necessitatis
944 1432 1041 1494 omitti
1053 1443 1197 1512 possunt,

188 1537 255 1598 quac
276 1527 376 1596 postea
394 1516 553 1587 dicentur,
576 1516 736 1594 sitempns
755 1524 911 1595 suppetet,
929 1512 953 1577 l.
971 1534 996 1577 c.
1018 1535 1051 1577 ιι.
1073 1520 1146 1580 727.
1169 1534 1198 1582 ct

188 1603 221 1666 in
240 1605 292 1665 tnli
313 1622 380 1665 casu
391 1604 610 1664 Sacramentum
623 1600 687 1661 dori
699 1609 794 1680 polest
809 1644 817 1673 ,
834 1601 924 1662 etiam
938 1601 1002 1662 sine
1017 1602 1197 1677 luminibus,

189 1698 219 1750 ct
239 1688 399 1761 ministro,
421 1684 443 1749 l.
462 1705 488 1747 c.
511 1705 544 1747 n.
566 1685 635 1747 728.
654 1692 686 1745 et
702 1685 792 1745 etiam
806 1685 998 1763 probabiliter
1009 1688 1073 1746 sine
1092 1706 1199 1766 supcr-

188 1773 334 1854 pellicco,
366 1782 398 1833 et
420 1772 494 1832 stola
520 1765 541 1832 l.
558 1789 586 1831 c.
610 1788 643 1830 rr.
667 1770 736 1832 726.
767 1770 834 1830 Vll.
868 1772 1005 1831 Extrema
1027 1771 1135 1832 Unctio
1163 1775 1198 1834 in

188 1858 291 1918 eadem
313 1855 486 1918 infirmitate
501 1855 602 1915 iterari
624 1873 686 1916 non
707 1862 819 1933 potest,
833 1853 890 1914 nisi
911 1854 1047 1916 infirmus
1064 1853 1081 1914 ἐι
1099 1856 1198 1934 priori
1283 1857 1288 1862 '

188 1941 381 2021 probabiliter
400 1941 606 2010 convaluerit,
631 1950 662 2001 et
684 1940 716 2000 in
733 1938 814 2000 aliud
835 1940 931 2001 simile
946 1941 1015 2002 viter
1034 1940 1200 2015 discrimen¹

189 2024 345 2094 inciderit,
368 2033 403 2085 nt
421 2023 507 2084 docet
528 2023 613 2085 Trid.
636 2040 709 2087 resa.
735 2027 784 2086 lt.
808 2042 834 2084 c.
856 2026 886 2084 5.
905 2022 971 2085 cide
992 2021 1015 2084 l.
1029 2043 1054 2085 c.
1071 2045 1104 2086 ιι.
1125 2028 1196 2087 715.

188 2108 269 2168 Vlll.
289 2109 396 2168 Cautus
414 2110 453 2169 sit
484 2107 619 2168 sacerdos
645 2107 678 2167 in
702 2107 850 2169 movendo
882 2116 1015 2188 aegroto,
1038 2118 1074 2169 ut
1098 2117 1197 2187 partes

188 2190 343 2251 viciniores
361 2198 477 2269 nugat3
499 2192 524 2252 si
542 2200 641 2252 tamen
668 2190 753 2253 cauti
775 2192 930 2263 revolvat,
954 2197 984 2252 c't
1005 2210 1074 2253 casu
1103 2193 1156 2254 ille
1179 2193 1197 2254 d

187 2277 248 2337 vita
273 2274 418 2346 decedat,
441 2275 690 2353 irregularitatem
716 2294 776 2337 non
798 2282 896 2336 teneat
917 2276 1096 2347 incurrisse,
1124 2281 1195 2356 quia

189 2362 221 2423 in
241 2358 297 2419 lroc
310 2377 375 2418 casu
388 2358 589 2437 irregularitas
601 2377 663 2420 non
673 2367 769 2440 potest
782 2360 893 2421 incurri
909 2360 965 2420 nisi
978 2360 1017 2420 ob
1030 2361 1196 2432 delictum,

188 2443 275 2523 iqua
284 2444 334 2521 qui
346 2441 496 2503 charitatis
509 2444 593 2504 causi
605 2444 725 2523 aliquod
732 2444 1039 2523 inculpabilitcregit,
1052 2446 1195 2506 immunis
1289 2453 1290 2488 i

189 2540 244 2590 cst.
259 2527 391 2608 Denique
407 2525 487 2588 recte
504 2526 649 2606 parochus
667 2529 699 2589 in
711 2546 763 2588 sua
785 2527 874 2589 domo
885 2528 984 2589 oleum
1006 2540 1142 2589 sanctum
1162 2531 1195 2590 in

190 2611 276 2674 noete
293 2629 409 2671 serrare
428 2610 635 2690 potcst,di1m
662 2610 815 2689 probabile
840 2611 1004 2690 pericnlum
1029 2612 1195 2690 praevidet,
1288 2607 1289 2612 ’

118 2737 121 2747 .
190 2708 223 2755 nt
241 2698 265 2755 si
288 2705 406 2755 vocatus
426 2695 462 2756 ad
482 2694 686 2757 conlocendnm
710 2695 883 2757 Unctionem
898 2693 1004 2775 proestd
1023 2714 1085 2757 non
1101 2707 1192 2769 esset,
1287 2739 1288 2776 ι

189 2778 212 2839 l.
225 2783 257 2841 (l.
270 2801 302 2841 n.
317 2781 384 2840 750.
427 2796 433 2806 ’

353 2958 381 3039 s.
395 2961 433 3020 V.
447 2962 566 3024 dlonitc
585 2963 664 3025 circo
685 2983 831 3046 oporrenr,
847 2972 876 3026 ct
892 2973 1025 3027 inertem.

228 3214 296 3275 270.
328 3152 413 3279 Cura
432 3212 568 3275 insumus
588 3215 761 3294 adngonom
781 3217 934 3295 prcrvcnit,
951 3215 1045 3277 solitis
1061 3216 1192 3278 Ecclesia

190 3300 297 3369 armis,
311 3298 349 3357 nd
366 3316 436 3358 cunr
452 3297 618 3374 juvandum
638 3311 782 3378 quantum
798 3310 916 3379 potest,
932 3300 1065 3362 sacerdos
1080 3309 1190 3360 utatur.

191 3386 219 3444 l.
246 3381 358 3459 Saepius
374 3383 528 3470 inlirmum
553 3384 628 3461 aqud
658 3386 811 3448 benedicta
840 3394 1002 3465 aspergat,
1029 3385 1191 3463 presertim

189 3466 214 3523 si
242 3463 393 3524 diabolicis
419 3468 629 3527 tentationibus
657 3470 844 3547 exagitatur,
870 3470 994 3530 dicendo
1021 3487 1030 3526 ι
1055 3470 1194 3546 Ennrqot

190 3546 271 3635 Dece
291 3553 319 3602 ct
342 3545 525 3624 dissipentur
546 3549 662 3611 inirrrt'ci
681 3550 756 3632 ejus.
778 3555 809 3612 2.
831 3554 932 3613 Crucis
953 3552 1105 3631 signaculo
1125 3568 1192 3610 euru

190 3633 327 3696 inaurat,
344 3637 375 3683 ct
390 3630 564 3704 bencdirat,
581 3634 682 3697 dicens
702 3656 711 3694 ι
738 3635 898 3698 Benedicent
922 3644 949 3697 to
977 3640 1058 3697 uror
1078 3637 1187 3705 Potor,
1238 3677 1243 3684 .
