2642 4167
408 243 885 329 Demudealioeonsessariielc.
1102 248 1156 309 161

157 345 217 411 oon
227 348 338 426 obligat
347 365 415 408 enm
428 350 509 427 gran
522 348 709 415 incommodo
722 346 798 426 (tit.
810 346 839 407 6.
853 366 886 407 a.
901 345 970 408 619.
979 353 1007 406 el
1018 365 1052 407 a.
1066 348 1135 427 610)
1147 374 1160 426 ,·

156 434 319 497 dummodo
335 433 527 493 confessarius
544 451 604 493 non
617 434 655 493 sit
673 432 737 510 ejus
754 430 917 509 parochus,
937 431 989 509 qui
1008 439 1159 493 teneretur
1259 442 1262 447 “

155 536 294 596 reparare
305 534 394 596 grave
412 516 554 576 damnum
566 516 676 577 subditi
691 538 699 575 z
717 526 747 576 et
765 515 927 576 dummodo
939 516 1085 593 paenitens
1097 534 1158 577 non

154 603 195 662 sit
220 602 252 661 1η
273 601 377 661 mortis
393 601 544 679 periculo,
566 609 618 660 aut
631 601 662 661 1η
684 600 815 679 periculo
842 597 969 678 amplius
983 615 1043 659 non
1066 599 1158 660 confi·

153 685 261 757 tondi,
278 685 345 762 quia
371 694 443 744 ωηο
466 682 590 743 charitas
609 680 720 763 obligat
736 685 825 744 etiam
849 702 916 743 cum
941 684 1023 762 gravi
1045 684 1158 743 incom-

153 770 257 832 modo.
275 768 362 843 Quod
382 770 406 828 si
423 769 614 829 confessarius
636 769 669 829 in
687 768 744 829 boo
760 785 879 846 gravem
897 769 1013 846 culpam
1036 768 1159 828 commi·

153 855 248 920 scria,
270 862 340 913 ωηο
371 870 488 932 semper
509 860 628 913 tenetur
654 853 743 912 etiam
772 869 839 911 cum
867 852 949 930 gravi
973 852 1160 913 incommodo

150 937 297 999 resarcire
321 936 453 1001 errorem
475 938 517 1015 (et
544 935 692 1015 praecipue
719 937 742 996 si
766 936 888 1012 reliquit
910 936 1102 1014 penitentem
1127 936 1158 996 in

152 1023 254 1098 aliqua
281 1024 430 1081 occasione
455 1018 625 1098 proxima);
659 1020 715 1079 nisi
743 1021 888 1098 paenitens
920 1021 985 1079 aliis
1012 1020 1159 1081 consessus

153 1123 218 1165 non
242 1104 348 1174 luerit,
371 1114 423 1164 aut
441 1105 544 1163 saltem
568 1121 680 1162 sacram
701 1104 912 1165 Eucharistiam
928 1106 1098 1183 susceperit.
1122 1105 1161 1164 Aa

155 1274 275 1354 praelata
296 1273 420 1332 monitio
437 1281 519 1333 extra
537 1268 771 1349 consessionem
797 1275 1038 1354 quotiescumque
1063 1282 1160 1352 posset

154 1357 200 1416 illi
214 1356 446 1434 aliquodafferre
457 1372 626 1434 gravamen.
644 1355 675 1415 Si
687 1356 760 1418 verb
776 1374 862 1417 error
878 1356 1073 1419 lueritsolbm
1083 1359 1159 1420 circa

156 1441 357 1518 integritatem
380 1440 590 1512 confessionis,
618 1438 689 1518 putei
719 1441 788 1518 quia
816 1442 1008 1519 penitentem
1032 1460 1093 1502 noa
1113 1444 1160 1503 in·

156 1525 352 1602 terrogaverit
372 1523 410 1584 de
427 1524 600 1603 speciebus,
624 1532 677 1583 aut
699 1540 825 1586 numero
846 1534 1050 1602 peccatorum,
1071 1526 1161 1585 etiam

155 1627 226 1668 cum
249 1627 301 1668 sua
321 1608 430 1685 culpa3
463 1626 522 1667 non
546 1614 665 1667 tenetur
696 1609 887 1669 confessarius
916 1625 1047 1666 errorem
1074 1609 1160 1668 illum

157 1692 316 1754 emendare
342 1701 423 1751 extra
446 1692 685 1762 confessionem,
715 1693 784 1768 quia
808 1693 841 1750 ia
861 1689 918 1750 hoc
940 1691 1022 1750 adest
1046 1709 1163 1772 semper

157 1777 359 1841 erubescentia
377 1770 568 1854 poenitentis,
581 1776 653 1835 dum
672 1776 753 1848 audit
771 1773 875 1835 rursus
898 1774 952 1834 sibi
971 1792 1022 1834 sua
1046 1787 1162 1855 peecata

156 1861 363 1922 rememorari.
377 1861 407 1918 Si
425 1859 495 1919 verb
513 1878 547 1919 ex
570 1877 620 1918 sua
639 1861 770 1931 malitia,
782 1858 854 1918 tel
846 1862 1008 1938 ignorantia
1023 1863 1160 1942 culpabili

157 1945 301 2008 exemerit
323 1942 544 2020 poenitentem
535 1963 551 2002 a
573 1943 785 2015 restitutione,
807 1952 857 2003 sut
881 1944 918 2003 ad
946 1945 1027 2006 illam
1053 1944 1162 2024 injuste

158 2028 351 2105 obligaverit3
369 2036 439 2086 tune
460 2035 578 2087 tenetur
598 2044 668 2087 eum
695 2027 839 2099 monere,
868 2028 988 2089 obtenta
1019 2030 1103 2108 priirs
1124 2031 1161 2093 li·

158 2113 279 2186 centii3
302 2110 371 2170 ali'as
392 2118 509 2170 tenetur
538 2111 600 2188 ipse
629 2109 667 2170 ad
692 2113 925 2173 restitutionem
947 2113 977 2172 Si
1006 2124 1104 2175 autem
1128 2116 1162 2177 io

157 2198 216 2259 boe
237 2216 356 2277 gravem
376 2199 491 2275 culpam
510 2215 571 2258 non
594 2198 796 2269 commiserit,
817 2218 879 2261 non
902 2209 1019 2261 tenetur
1040 2202 1163 2264 monere

156 2303 227 2345 cum
244 2284 326 2361 gravi
344 2301 398 2343 suo
414 2282 620 2358 incommod03
635 2281 741 2343 veriam
760 2284 784 2343 si
802 2284 913 2362 absque
938 2303 991 2344 sua
1011 2289 1094 2364 gravi
1115 2289 1162 2350 in·

155 2367 312 2428 commodo
342 2375 436 2444 posset
462 2385 600 2444 reparare
617 2385 770 2438 errorem,
793 2378 824 2429 et
847 2388 907 2429 non
928 2370 1065 2443 laceret,
1089 2381 1161 2433 tune

154 2454 248 2513 ctiam
266 2459 382 2511 tenetur
397 2451 434 2509 ad
447 2452 673 2514 restitutionem
688 2452 824 2529 Denique
841 2455 865 2512 si
880 2454 1071 2513 confessarius
1087 2456 1165 2516 omi·

156 2536 233 2597 serit
253 2536 412 2596 admonere
435 2537 626 2613 poenitentem
652 2537 690 2596 de
719 2538 930 2606 restitutione,
957 2554 1017 2595 non
1045 2545 1164 2598 tenetur

158 2639 224 2699 apse
234 2621 547 2696 restituere,quamv1s
556 2628 631 2680 esset
640 2618 801 2698 parochus
812 2628 842 2678 et
851 2620 963 2678 etramsr
978 2622 1165 2693 gravemeul·

157 2722 233 2785 pam
256 2706 288 2764 in
317 2697 888 2777 lrooeommisissetVideLibrumll.
912 2718 937 2760 a.
964 2703 1169 2783 η.611.)ιη

159 2807 222 2867 quo
245 2787 369 2848 discussa
388 2796 459 2847 sunt
481 2786 544 2856 hee
564 2787 664 2849 omnia
687 2802 755 2846 cum
774 2784 835 2844 suis
855 2784 1039 2859 rationibus,
1058 2794 1090 2853 el
1110 2805 1164 2895 ω·

158 2871 343 2932 claritatibus
357 2874 421 2931 DD.
989 2897 995 2915 ι

199 2959 269 3018 117.
288 2959 341 3018 111.
362 2958 455 3018 Debet
468 2976 586 3038 quoque
607 2958 798 3020 conlessarius
813 2976 875 3020 csse
897 2955 1015 3023 summe
1032 2959 1164 3039 prudens

157 3042 191 3101 in
201 3041 495 3116 eustodiendosigillo
508 3044 720 3103 sacramentali.
732 3045 797 3104 lam
810 3053 915 3104 notum
927 3052 957 3107 et
970 3054 1083 3105 eertum
1099 3051 1161 3116 est,

159 3124 241 3203 qubcl
268 3125 459 3185 confessarius
486 3144 648 3204 numquam
672 3138 767 3205 potest
790 3130 871 3206 loqui
898 3128 936 3187 de
968 3128 1004 3187 iis
1031 3147 1100 3205 quae
1130 3129 1162 3190 iu

159 3210 339 3269 consessione
359 3210 492 3281 audivit,
509 3213 627 3288 quoties
638 3212 719 3272 adest
739 3214 902 3290 periculum
919 3212 1105 3275 revelationis
1123 3213 1163 3275 si·

152 3294 224 3370 qttti
243 3291 367 3375 (directe
387 3293 433 3353 vel
452 3294 626 3374 indirecte),
651 3305 704 3356 aut
723 3295 900 3374 gravaminis
925 3296 1115 3374 poeaitontis3
1134 3305 1164 3359 et

158 3378 216 3440 boe
233 3380 327 3439 eurrit
349 3378 463 3440 etiamsi
478 3380 683 3440 tantummodo
705 3379 841 3450 dubitet,
863 3388 965 3443 utrum
989 3381 1071 3446 eain
1094 3400 1164 3445 cou-

158 3463 285 3525 ioesione
302 3461 451 3535 audierit,
468 3463 515 3523 vei
539 3482 623 3533 aon,
646 3472 698 3525 aut
718 3465 750 3524 ia
772 3464 877 3524 ordine
896 3462 933 3525 ad
955 3467 1163 3529 consessionem

158 3545 237 3628 (tit.
257 3549 290 3607 6.
307 3564 341 3607 a.
354 3547 448 3625 656).
465 3548 676 3609 Verumtamen
697 3566 756 3609 noa
781 3547 953 3627 prohibetur
976 3551 1164 3613 confessarius

160 3631 354 3694 sermocinari
369 3632 556 3712 [generaliter
571 3632 731 3715 taqucodo)
746 3632 783 3699 (le
799 3633 897 3722 aliquo.
909 3645 1027 3715 peccato
1042 3638 1074 3698 ia
1094 3654 1164 3698 con
