2642 4167
320 254 322 258 ,
406 192 461 250 Ec
478 188 612 270 operibus
632 167 776 254 Bettedicti
792 191 881 253 XIV.
1095 195 1155 254 117

148 290 277 366 singulos
289 291 521 368 procurationem
537 292 653 366 exigere
667 297 778 367 potest,
793 299 827 350 ut
839 309 875 349 cx
887 289 1022 369 pluribus
1036 291 1066 351 S.
1078 293 1154 353 Cou-

133 374 325 451 'gregctionis
341 373 474 433 decretis.
497 376 540 434 De
552 376 624 452 Syn.
642 372 728 433 dioec.
749 374 803 435 tib.
818 377 866 434 10.
879 395 905 434 c.
930 376 978 435 10.
998 393 1029 434 n.
1050 376 1078 435 6.
1159 414 1161 417 -

188 458 320 517 Vieorius
339 458 505 535 capitularis
536 459 800 534 potastdioecestm
833 459 952 521 visitare
975 467 1039 536 post
1065 477 1151 536 pera·

149 549 228 613 etum
253 559 363 600 annum
382 541 398 602 a
419 542 586 601 visitatione
606 533 644 600 ab
672 543 811 618 Episcopo
843 520 935 612 laelii,
961 552 995 600 ut
1012 534 1152 619 pluribus

150 624 180 683 S.
202 625 309 702 Congr.
333 625 457 687 decretis
481 625 612 684 decisum
633 633 688 685 est.
709 625 785 685 lbid.
812 626 834 685 l.
857 620 933 686 Μ.
953 627 984 684 e.
1008 643 1037 683 n.
1057 627 1151 690 tuti

149 717 326 779 tamennon
347 709 402 768 nisi
416 708 573 771 dimidium
593 709 828 786 procurationis,
849 728 914 787 quac
935 708 1062 768 solvitur·
1083 710 1152 785 Epi·

64 843 66 849 .
149 809 258 867 scopo,
279 792 504 852 retribuendum
526 801 594 867 est,
616 790 684 851 edm
704 791 807 852 debeat
825 788 1152 857 minoricomitetuin-

149 873 252 935 cedere
268 918 275 945 ,
294 885 328 934 ιιι
348 885 511 936 constat-cx
530 876 710 937 resolutione
724 877 756 934 S.
767 878 797 936 C.
814 878 846 936 in
858 896 917 936 una
935 876 1090 936 Ostuuensi
1103 875 1152 936 die

133 958 188 1018 '28
200 956 267 1032 julii
293 960 378 1019 1708.
391 959 466 1018 lbid.
489 961 541 1018 lib.
564 962 612 1018 10.
636 978 663 1018 c.
680 962 727 1018 10.
748 967 779 1019 n'.
803 961 834 1019 6.
1091 955 1093 958 ⁴

188 1041 323 1119 Episcopi
340 1058 447 1109 'omnes
459 1058 505 1102 'ex
519 1044 549 1102 vi
565 1043 788 1103 constitutionis
811 1045 963 1104 Romanus
982 1041 1152 1121 Pontifead

151 1126 234 1185 Sixto
256 1128 290 1185 V.
302 1127 405 1197 editae,
423 1137 580 1204 antequam
599 1136 826 1197 consecrentur,
849 1129 873 1186 si
890 1129 990 1186 Romae
1012 1127 1150 1199 existant,

150 1209 181 1268 in
203 1211 337 1268 manibus
361 1211 391 1269 S.
412 1212 550 1275 Romanae
566 1211 696 1271 Ecclesiae
711 1210 800 1286 primi
823 1210 938 1271 diaconi
968 1210 1151 1282 cardinalis,

130 1301 231 1353 extra
263 1294 380 1353 Curiam
401 1294 470 1355 vero
497 1297 531 1353 in
549 1312 638 1352 manu
662 1294 807 1352 Antistitis
829 1293 865 1352 ad
892 1291 948 1353 hoe
966 1293 1088 1369 delegati
1115 1312 1150 1353 ex

150 1377 275 1437 lormuld
293 1379 459 1454 praescripta
475 1377 598 1453 jurant,
621 1396 652 1437 se
673 1379 754 1436 statis
780 1377 962 1454 temporibus
981 1377 1084 1435 limina
1099 1379 1150 1436 88.
1199 1398 1202 1427 z

150 1462 356 1538 Apostolorum
370 1458 536 1520 visitaturos
549 1479 663 1539 perse,
677 1463 755 1531 sive,
770 1459 900 1538 legitime
913 1460 1085 1536 impeditos,
1099 1478 1152 1537 per

149 1544 276 1622 aliquem
296 1545 332 1603 dc
345 1563 398 1610 suo
414 1547 562 1623 capitulo,
583 1546 630 1604 vel
646 1546 737 1604 alium
758 1545 944 1622 indignitate
964 1543 1152 1603 ecclesiastica

150 1631 365 1701 constitutum,
389 1631 435 1693 vel
467 1630 608 1691 beneficio
628 1629 809 1708 praeditum,
835 1640 864 1691 et
886 1629 958 1691 sihi
983 1628 1150 1698 defuerint,
1252 1695 1255 1699 ¹

150 1730 203 1791 per
223 1713 402 1783 sacerdotem
421 1715 550 1792 aliquem
574 1713 772 1775 diocesaoum
788 1714 978 1787 secutarem,
997 1712 1044 1773 vel
1066 1730 1152 1790 regu·

149 1797 253 1858 larem.

188 1882 271 1941 Tunc
292 1889 390 1941 autem
408 1883 538 1951 Romano
549 1881 686 1942 Pontifici
706 1884 851 1943 rationem
870 1879 993 1941 reddere
1012 1883 1151 1937 tenentur

150 1965 187 2026 de
209 1967 347 2043 postorali
368 1965 464 2025 officio
482 1967 629 2044 impleto,
651 1976 682 2026 ει
696 1967 731 2026 iis
748 1965 906 2035 omnibus,
929 1981 995 2040 ques
1017 1961 1053 2021 ad
1070 1980 1153 2021 suam

151 2050 297 2108 dioecesim
315 2051 477 2127 pertinent.
504 2053 597 2110 Sacrae
615 2061 713 2110 autem
730 2052 836 2127 Congr.
850 2047 970 2109 Consilii
988 2044 1154 2122 injunctum

150 2143 194 2193 est
217 2151 348 2208 munus,
374 2144 409 2195 ut
438 2138 581 2214 postulata
602 2139 814 2215 Episcoporum
842 2138 961 2197 iliorum
995 2135 1152 2204 disentiat,

149 2226 180 2277 ct
198 2217 249 2277 det
268 2220 324 2279 illis
339 2238 495 2298 responsa,
516 2223 601 2285 sicuti
625 2231 655 2280 et
680 2222 821 2289 videndi,
847 2219 921 2278 niun
941 2215 1073 2295 legitime
1093 2218 1153 2275 sint

149 2301 295 2377 impediti.
309 2305 352 2361 De
363 2305 435 2379 Syn.
452 2305 538 2363 dioec.
552 2304 574 2361 l.
591 2306 637 2362 15.
658 2323 685 2362 c.
700 2304 729 2362 6.
744 2322 775 2362 n.
797 2305 844 2363 11.
1000 2360 1002 2365 s

189 2386 336 2461 Tempus,
354 2386 431 2443 intra
455 2387 533 2462 quod
555 2387 691 2446 obeundo
710 2397 752 2445 est
770 2389 823 2445 ista
839 2384 985 2458 visitatio,
1007 2383 1071 2443 aliis
1084 2384 1152 2460 qui·

150 2469 218 2528 dem
236 2467 351 2544 longius
367 2467 521 2527 delinitum
541 2479 609 2540 est,
632 2471 696 2528 aliis
721 2471 866 2541 brevius,
891 2469 942 2529 scd
970 2487 1030 2529 nou
1054 2466 1153 2527 mimis

152 2550 240 2629 quiam
260 2551 442 2624 triennium,
460 2570 513 2610 nec
526 2570 612 2630 supra
628 2552 865 2629 quadriennium.
878 2554 951 2611 ibid.
968 2571 999 2610 n.
1019 2554 1047 2611 5.
1062 2550 1153 2613 Porro

152 2638 176 2695 si
200 2636 358 2712 Episcopus
371 2634 475 2696 habeat
491 2636 690 2714 coadjutorem
714 2638 750 2696 ab
771 2637 927 2713 apostolici
942 2636 1014 2695 Sede
1034 2635 1152 2705 datum,

153 2719 259 2777 sufficit
288 2720 312 2778 si
334 2719 485 2795 coadjutor
514 2722 633 2781 nominc
665 2723 798 2800 Episcopi
829 2721 933 2793 adeat,
960 2725 1035 2780 sicut
1064 2720 1153 2779 etiam

152 2802 259 2862 sufficit
280 2805 303 2862 si
324 2805 458 2864 mittatur
474 2805 692 2865 administrator
711 2805 921 2885 Episcopatris,
942 2806 992 2881 qui
1008 2803 1095 2864 debet
1109 2804 1155 2862 vi·

152 2886 240 2945 sitore
262 2887 364 2946 limina
385 2907 438 2948 suo
459 2899 488 2948 ct
507 2890 677 2969 principalis
701 2891 746 2950 sui
770 2891 907 2961 nomine,
931 2898 964 2947 ut
990 2905 1026 2946 ex
1051 2887 1154 2948 decisis

153 2968 212 3029 dS.
228 2972 334 3048 Congr.
355 2973 430 3033 lbid.
450 2993 480 3033 o.
497 2976 525 3034 5.

192 3054 226 3127 ld
253 3056 340 3113 etiam
367 3059 566 3133 praestandum
595 3067 639 3119 est
663 3059 700 3121 ob
727 3060 869 3137 Episcopo
887 3057 1028 3131 titulari,
1060 3065 1095 3120 ut
1116 3075 1153 3117 cx

154 3143 298 3217 Eupoano
310 3138 432 3217 aliisque
446 3141 518 3200 ibid.
534 3143 685 3220 probatur.
703 3163 734 3203 n.
750 3146 779 3203 6.

192 3221 326 3299 Denique
344 3239 397 3281 nce
420 3226 591 3285 eximuntur
611 3229 743 3305 Episcopi
772 3226 964 3286 Ecclesiarum
985 3226 1155 3287 suburbica·

152 3307 264 3366 riarum
271 3350 282 3381 ,
294 3307 429 3383 quumvis
445 3310 573 3384 exempti
586 3308 682 3369 sunto
696 3311 864 3370 residentia.
884 3314 927 3370 ita
941 3328 977 3370 ex
992 3311 1072 3370 decr.
1086 3328 1156 3372 eon·

154 3389 290 3451 sistociaii
308 3387 473 3450 Alexandri
501 3393 572 3452 VII.
591 3393 666 3452 lbid.
690 3413 723 3452 n.
747 3396 776 3454 6.

193 3471 344 3535 Postremo
370 3476 482 3554 praelati
503 3476 655 3548 minores,
677 3478 729 3555 qui
751 3477 868 3557 proprie
892 3480 1077 3540 territorium
1097 3477 1154 3539 ha·

153 3558 224 3617 beot
236 3558 305 3618 veria
331 3568 519 3636 separatum,
540 3561 572 3621 in
596 3579 655 3639 quo
677 3562 909 3641 independenter
927 3563 944 3624 d
968 3582 1154 3642 quocumque
