2642 4167
313 222 341 303 s.
356 224 379 282 l.
392 220 510 284 Manita
521 208 747 285 odsorerdoteue
761 223 951 299 assistentem.
1079 227 1132 287 tot

131 324 287 413 ρνωηιῖεἰῐ,
301 315 427 404 fortasse
449 322 551 392 totta,
564 321 690 402 fortasse
706 345 767 386 noa
787 325 881 387 debit.
894 326 980 400 Qirbd
995 328 1018 388 si
1041 327 1136 388 adbuc

131 415 269 474 infirmus
287 404 341 468 nec
354 409 442 468 etiam
465 426 519 486 per
540 407 601 467 bac
621 411 732 469 monita
751 411 788 470 ad
805 411 1015 471 consessionem
1031 412 1135 472 adduci

90 548 93 552 ,
130 498 220 577 possit
234 540 243 568 ,
258 493 392 554 sacerdos
412 510 563 569 nunquam
577 511 646 552 corn
659 495 772 555 deserat
787 540 795 567 ,
819 495 870 554 sed
888 497 1064 573 quandoque
1076 507 1136 556 ter·

130 582 223 655 roris,
239 578 417 659 quandoque
436 575 551 635 fiduciae
564 581 744 654 argarmcntis
766 587 849 638 curet
868 581 966 657 ipsum
989 582 1136 659 expergis-

130 683 213 740 cere3
232 673 263 724 et
274 662 428 740 provideat
442 705 449 731 ,
463 669 568 720 uttam
585 663 726 739 privatae,
742 664 831 740 quam
845 665 970 741 publieae
983 684 1037 743 pro
1047 665 1136 743 hujus

130 750 229 811 miseri
248 748 342 807 salute
353 763 452 823 preces
471 745 508 803 ad
521 748 617 804 Deum
634 745 842 807 adhibeantur.

166 836 237 896 255.
250 832 343 892 lust
358 830 479 889 morbus
499 829 697 900 increbuerit,
711 832 864 892 infirmum
878 831 1033 904 hortetur,
1046 841 1080 893 ut
1098 834 1135 893 dc

129 919 188 978 suis
214 915 383 978 domesticis
402 914 489 974 rebus
508 913 675 992 opportune
690 914 848 992 disponat3
868 917 899 977 id
919 917 999 977 enim
1018 918 1136 994 expedit

130 1023 184 1082 pro
206 1001 328 1061 familioe
343 1016 431 1077 pace,
446 1009 476 1059 et
495 997 529 1058 cd
544 999 636 1077 magis
651 1000 675 1057 si
688 1018 762 1078 opas
779 1002 817 1059 sit
831 1019 885 1079 pro
897 1003 975 1060 illius
987 1004 1136 1062 conscien-

130 1089 178 1147 tiae
198 1084 355 1146 levamine.
368 1084 402 1142 ln
423 1081 478 1141 boo
498 1093 594 1142 tamen
615 1083 749 1143 sacerdos
763 1084 865 1145 seduld
882 1092 999 1155 caveat,
1014 1104 1051 1145 ne
1073 1088 1136 1164 ipsc

131 1175 161 1231 io
179 1173 310 1249 aliquam
323 1170 397 1228 lueri
412 1177 512 1228 notam
531 1169 650 1228 incidat.
664 1170 695 1227 Si
708 1178 806 1229 autem
831 1181 958 1248 [egrotus
972 1170 1074 1231 iratres
1088 1173 1135 1231 vel

130 1274 246 1316 sorores
265 1254 430 1332 indigentes
450 1251 555 1312 babeat
570 1297 578 1324 ,
593 1261 711 1312 moneat
726 1254 823 1331 ipsum
844 1255 899 1314 sab
921 1257 1003 1332 gravi
1024 1256 1135 1333 obliga-

130 1342 210 1401 tione
229 1337 325 1398 teneri
339 1337 397 1396 illis
414 1336 491 1395 bona
504 1355 556 1396 sua
575 1337 763 1414 relinquere,
778 1340 881 1398 saltem
895 1340 974 1416 quod
985 1339 1021 1398 od
1031 1358 1135 1401 eorum

129 1424 331 1484 necessitatem
344 1421 552 1481 sublevandam
573 1421 707 1482 sufficiat.
723 1424 789 1482 lloec
804 1431 903 1482 mmen
915 1424 1011 1500 gravis
1026 1424 1137 1502 obliga·

129 1510 173 1568 tio
186 1526 249 1567 non
264 1506 383 1566 videtur
392 1505 498 1578 urgere
514 1523 568 1582 pro
588 1506 798 1566 remotioribus
810 1507 994 1585 propinquis.
1008 1508 1137 1566 Observa

129 1593 210 1671 quod
233 1592 345 1651 dictum
363 1596 407 1650 est
424 1591 457 1662 in
473 1608 561 1668 opere
573 1587 623 1652 tt.
639 1594 670 1652 l.
684 1611 716 1651 a.
731 1593 799 1651 946.
810 1592 840 1649 Si
854 1589 924 1649 verb
935 1600 1061 1665 aegrotus
1072 1591 1138 1651 vult

128 1695 185 1756 pro
216 1694 270 1735 sua
301 1675 398 1734 anima
425 1674 543 1751 aliquod
567 1676 686 1746 testari,
718 1676 815 1753 ipsum
842 1682 983 1743 moneat,
1004 1692 1042 1733 ne
1062 1693 1138 1735 onus

127 1761 204 1822 illud
221 1758 388 1819 haeredibus
404 1760 558 1836 imponat3
575 1761 642 1836 quia
657 1759 836 1837 experientia
852 1759 953 1828 docet,
968 1759 1068 1838 legatis
1082 1760 1139 1838 piis

128 1846 206 1926 pene
222 1845 312 1904 nullis
328 1843 481 1910 satisfieri,
496 1844 546 1902 sed
566 1842 664 1923 potitis
681 1843 835 1917 hortetur,
849 1850 884 1902 ut
896 1844 1015 1924 aliquod
1032 1863 1138 1925 corpus

126 1932 297 2008 relinquat,
320 1938 370 1987 aut
394 1929 524 2008 peoouioe
546 1947 711 2001 summam,
736 1930 773 1989 ad
796 1930 962 2002 Sacrificio,
982 1934 1137 1993 aetoliam

127 2018 209 2095 piam
236 2031 357 2094 oporam
382 2013 617 2091 persolvendam.
643 2016 748 2073 Caveat
770 2016 919 2089 sacerdos,
942 2034 981 2076 ne
1006 2019 1138 2077 consulat

127 2098 258 2160 infirmis
279 2096 426 2176 quidquid
447 2098 512 2155 aliis
532 2097 705 2175 praejudicio
722 2117 784 2160 esse
800 2111 913 2179 potest,
937 2100 1005 2162 ciam
1029 2101 1137 2164 Christi

127 2185 282 2247 ministros
297 2202 358 2243 non
374 2182 473 2243 deceat
486 2184 612 2243 aliorum
632 2185 734 2245 odium
755 2188 810 2247 sibi
823 2188 1028 2248 commovere:

166 2273 237 2331 234.
250 2271 289 2337 V.
302 2272 376 2329 Cum
388 2269 531 2341 rudibus,
545 2270 618 2355 dum
640 2280 722 2332 actus
739 2272 913 2333 christianos
926 2275 968 2332 eis
988 2275 1136 2352 suggerit,

129 2356 249 2424 ltalico,
265 2351 326 2413 imit
342 2355 499 2414 vernaculo
513 2371 629 2432 semper
647 2357 788 2434 loquatur
807 2375 954 2418 sermone.
969 2359 1042 2416 Cum
1058 2358 1136 2417 litte⁴

128 2442 201 2501 ratis
224 2437 327 2498 contria
346 2439 525 2499 comioribtrs
537 2442 653 2513 verbis,
666 2452 696 2501 et
715 2443 871 2519 aliquoties
888 2444 977 2501 etiam
991 2442 1089 2500 latinis
1101 2460 1136 2501 ox

128 2526 281 2603 Scriptura
297 2524 457 2602 excerptis,
477 2525 527 2582 scd
550 2525 691 2585 brevibus
707 2528 889 2586 sententiolis
908 2533 1018 2584 utatur.
1038 2516 1136 2586 Monet

128 2622 230 2672 tamen
244 2609 378 2678 Rituale,
401 2628 438 2669 ne
458 2611 591 2671 sacerdos
610 2613 699 2670 nimis
716 2612 880 2688 loquendo,
894 2620 923 2668 et
944 2610 1054 2669 crebris
1069 2629 1136 2671 sen-

129 2696 247 2766 tentiis,
259 2703 293 2753 ot
305 2694 395 2771 aliqui
406 2696 519 2768 solent,
533 2695 654 2755 infirmo
664 2693 763 2772 potitis
777 2703 864 2772 eaput
874 2693 1034 2766 obtundet,
1048 2694 1137 2772 quiam

128 2781 260 2857 adjuvet.
279 2782 372 2839 Pater
383 2779 542 2860 Recepitus
556 2779 648 2840 ieSoc.
660 2781 728 2839 iesu
747 2779 785 2840 de
805 2778 900 2857 scipso
921 2777 1031 2848 refert,
1049 2782 1137 2840 morti

30 2872 31 2875 ’
128 2865 300 2944 proximum
322 2865 467 2941 quidquid
479 2867 507 2925 ei
523 2865 676 2925 dicebatur
690 2907 699 2937 ,
713 2882 773 2925 non
797 2864 992 2938 intellexisse,
1007 2862 1056 2923 sed
1073 2873 1138 2924 tan·

128 2948 193 3009 tium
213 2948 365 3026 quoddam
386 2951 543 3009 molestum
571 2968 731 3025 murmur3
748 2952 787 3009 ita
809 2958 858 3018 ut,
882 2967 920 3008 ne
940 2949 1032 3025 magis
1051 2957 1139 3025 caput

128 3033 271 3093 laederent
285 3075 293 3104 ,
307 3042 423 3094 coaetos
437 3035 604 3112 rogaverit,
625 3041 658 3095 ut
676 3036 804 3113 aliquam
818 3035 1039 3093 verbis-moram
1052 3033 1138 3094 inter·

128 3127 287 3197 ponerent.

168 3201 297 3263 ibbvl.
308 3204 419 3264 Praeter
435 3220 540 3285 parvas
553 3205 662 3267 Christi
680 3207 801 3267 Domini
819 3203 951 3265 crucifixi
966 3247 974 3276 ,
988 3204 1138 3284 beataeque
1184 3258 1186 3261 ,
1259 3204 1263 3222 “

129 3289 262 3369 Virginis
274 3289 436 3368 imagines,
453 3311 525 3373 quas
539 3292 623 3370 juxta
641 3294 795 3353 infirmum
812 3291 921 3369 apponi
932 3292 1097 3363 curaverit,
1113 3294 1136 3354 si
1248 3364 1252 3373 „

128 3374 195 3433 lieri
218 3382 333 3453 potest,
354 3377 443 3436 etiam
462 3379 500 3439 ob
524 3381 623 3440 oeulos
643 3379 707 3456 ejus
725 3380 867 3438 collocare
886 3376 972 3435 faeiat
997 3377 1138 3456 imagines

129 3459 264 3536 Deiparse
281 3469 312 3520 et
328 3460 533 3540 Redemptoris
550 3465 670 3542 majoris
687 3465 790 3536 molis,
808 3473 841 3523 ut
853 3462 895 3521 sie
912 3472 1054 3539 aegrotos,
1068 3463 1128 3541 qud

130 3560 256 3621 cumque
272 3564 304 3606 se
317 3556 432 3620 vertat,
447 3567 494 3608 cas
507 3569 627 3612 eernere
643 3553 750 3629 possit,
763 3557 793 3610 et
808 3549 866 3609 illis
877 3566 908 3609 se
919 3549 1135 3610 commendare.

169 3630 237 3690 tto.
251 3632 320 3692 Vll.
336 3633 422 3694 Curae
434 3636 461 3694 oi
481 3637 569 3698 etiam
587 3639 642 3713 sit,
663 3644 697 3699 ut
715 3637 752 3700 ab
771 3634 881 3698 infirmi
903 3634 1037 3696 eubiculo
1058 3637 1132 3714 peri·

922 3721 981 3780 tt..
