2642 4167
306 319 313 329 .
456 248 524 308 Art.
539 247 568 307 5.
585 242 796 307 Deordinilus
806 242 880 326 maj.
916 261 920 268 ⁴
1114 247 1172 309 955

162 366 233 411 rum
250 345 379 417 vicarii,
406 345 477 407 item
499 344 609 406 Vicarii
628 343 828 421 capitulares,
852 349 883 403 ει
906 341 1031 420 capitula
1051 343 1170 423 religio·

164 450 238 494 num
251 475 260 503 ,
275 447 439 508 corumque
463 430 595 507 praelati3
612 429 662 487 vet
680 428 861 506 delegatam,
876 435 910 487 ut
929 436 999 488 sunt
1025 428 1045 487 ii
1062 432 1170 507 quibus

160 517 198 577 ab
235 514 363 576 habente
394 513 574 574 ordinariam
601 512 723 572 facultas
750 512 969 589 committitur3
994 509 1108 573 videl.
1136 517 1167 576 7.

159 601 235 662 ιιι).
250 606 279 658 ει
296 614 358 675 seq.

199 685 297 758 Quaen.
313 683 366 742 lll.
377 680 454 755 Quid
472 679 660 758 requiratur,
676 689 710 740 ut
727 683 793 759 quis
810 680 898 760 possit
916 679 1001 759 ligari
1018 684 1169 744 censuris?

159 767 335 845 Requiritur
355 766 384 825 l.
402 767 441 825 Ut
472 766 510 824 sit
534 761 635 824 homo.
656 767 687 825 Ξ.
704 766 743 825 ιιι
767 766 806 825 sil
824 764 997 843 baptisatus.
1017 768 1047 826 5.
1070 767 1107 827 [lt
1129 768 1169 828 sit

158 851 282 913 rationis
296 865 424 927 compos.
437 848 466 909 l.
479 848 563 907 lltsit
575 866 700 926 persona
714 848 919 909 determinata.
930 850 959 911 t.
969 851 1007 909 Ut
1016 849 1055 911 sit
1064 850 1166 911 subdi·

160 943 219 995 tus.
231 933 335 1008 Quoad
347 934 517 1011 peregrinos
530 930 618 1004 vero,
633 931 701 991 vide
713 931 752 993 it.
770 951 803 992 ιι.
816 933 865 993 tt.

197 1018 297 1093 Quaer.
313 1018 365 1077 lV.
378 1017 455 1091 Quid
466 1017 636 1093 requiratur
653 1017 690 1075 ad
704 1015 914 1077 incurrendam
927 1035 1047 1096 gravem
1062 1037 1166 1080 censu-

157 1097 243 1171 ram,
261 1100 332 1180 putd
348 1100 682 1161 excommunicationem
701 1100 925 1178 majorem,ch
944 1105 1166 1180 suspensionem

66 1243 71 1250 .
160 1187 302 1257 totalem,
322 1195 374 1250 aut
397 1184 434 1243 ad
460 1184 582 1262 longum
609 1188 748 1262 tempus?
769 1185 943 1263 Requirilur
965 1188 995 1245 l.
1014 1197 1165 1264 peccatum

156 1287 265 1351 grave,
279 1276 308 1328 ει
323 1276 358 1328 ιιι
373 1268 493 1329 materia
509 1268 548 1326 sit
565 1266 653 1327 etiam
671 1286 724 1345 per
735 1286 766 1329 se
777 1271 874 1348 gravis
886 1313 894 1342 ‚
908 1271 1070 1331 uutsaltem
1082 1274 1167 1334 valde

160 1354 328 1416 conducens
342 1353 377 1412 ed
395 1352 487 1412 finem
506 1352 665 1411 intentum.
678 1354 719 1426 Al
737 1353 768 1412 iu
784 1351 876 1414 dubio
888 1355 1047 1431 superioris
1058 1373 1166 1432 praece·

157 1446 245 1517 ptum
262 1436 339 1498 certe
358 1438 440 1514 ligat.
454 1438 485 1497 ι.
497 1436 586 1496 dctus
604 1445 753 1496 externus.
773 1438 803 1496 5.
818 1439 909 1500 Actus
930 1448 1162 1498 consummatus.

155 1524 188 1581 4.
211 1522 420 1590 Contumacia,
435 1520 476 1579 ita
491 1528 525 1579 ut
541 1519 716 1598 delinquens
732 1520 806 1580 sciat
822 1522 960 1593 crimen,
983 1538 1044 1580 non
1066 1519 1166 1581 solinu

154 1605 281 1666 vetitum
296 1623 358 1665 esse
369 1604 438 1682 jure
458 1603 579 1674 divino,
594 1604 644 1664 sed
664 1605 754 1664 etium
765 1604 968 1666 ecclesiastico.
978 1602 1055 1664 Vide
1067 1613 1166 1665 autem

156 1689 322 1761 illationes,
336 1706 402 1768 quae
420 1706 457 1749 ex
469 1686 516 1747 his
535 1688 705 1748 inferuntur
717 1686 767 1747 ειι.
783 1684 836 1748 lib.
1178 1759 1182 1776 .

194 1775 296 1847 Quaer.
309 1774 348 1833 V.
362 1773 434 1846 Quis
452 1773 543 1852 possit
561 1770 578 1830 d
599 1771 730 1830 censuris
744 1770 915 1831 absolvere?
930 1772 955 1833 t
970 1786 1091 1832 censura
1106 1770 1165 1833 lata

154 1874 209 1939 per
218 1856 394 1918 sententiam
406 1857 617 1935 particularem
633 1853 784 1915 ordinarie
796 1856 821 1916 is
831 1853 950 1917 ιειιιιιιιι
967 1861 1061 1935 ροιεει
1074 1856 1166 1917 absol·

154 1960 242 2010 vere,
257 1943 309 2019 qui
329 1959 393 2001 eam
419 1941 499 2013 tulit,
519 1941 566 1998 vel
587 1938 649 2015 ejus
671 1940 822 2018 superior,
847 1948 899 2001 aut
916 1958 1085 2012 successor,
1110 1948 1163 2002 aut

154 2025 314 2105 delegatus.
329 2025 374 2085 Ab
388 2025 436 2085 illa
450 2034 548 2083 autem
567 2044 632 2101 quae
648 2024 706 2082 lata
726 2030 770 2083 εει
787 2023 804 2084 'a
820 2023 968 2102 jure,ch
988 2024 1026 2084 ab
1043 2023 1164 2087 homine

153 2128 209 2189 per
227 2113 403 2169 sententiam
418 2108 586 2187 generalem
603 2105 704 2185 (modo
722 2125 783 2171 non
803 2110 842 2169 sit
862 2107 1038 2186 reservata),
1066 2119 1162 2189 potest

155 2195 311 2256 absolvere
326 2195 423 2272 quivis
439 2194 640 2255 confessarius.
792 2242 799 2251 .

192 2282 243 2341 80.
255 2313 294 2323 -
305 2277 359 2339 llic
377 2288 476 2338 autem
488 2278 655 2339 'notandum
671 2281 700 2338 l.
716 2279 798 2359 quod
819 2281 952 2360 Episcopi
966 2297 1004 2341 ex
1021 2298 1046 2342 c.
1061 2279 1162 2342 liccat
1194 2291 1197 2294 '

154 2367 184 2426 6.
196 2380 267 2424 sess.
281 2365 331 2424 ιι.
345 2364 377 2423 in
392 2362 478 2428 Trid.
493 2373 616 2441 possunt
635 2365 806 2443 dispensare
820 2365 851 2424 in
865 2366 1003 2425 omnibus
1018 2366 1160 2443 irregula-

153 2448 312 2521 ritatibus,
334 2448 619 2525 et'suspensionibus
634 2466 671 2507 ex
691 2449 798 2508 delicto
817 2450 950 2524 occulto,
973 2449 1105 2525 exceptis
1124 2449 1161 2509 iis

153 2550 220 2609 quae
239 2532 378 2593 oriuntur
397 2550 433 2591 ex
452 2530 612 2591 homicidio
631 2532 818 2603 voluntario,
838 2532 951 2591 stallis
973 2530 1105 2589 deductis
1121 2532 1161 2592 ad

151 2616 251 2677 forum
270 2616 496 2676 contentiosum.
511 2617 585 2675 ltem
603 2625 725 2692 possunt
741 2614 915 2676 absolvered
926 2615 1159 2693 quibuscumque

152 2700 269 2760 casibus
279 2701 399 2760 occultis
408 2743 417 2767 ,
425 2702 513 2759 ctiam
524 2699 591 2758 Sedi
601 2700 768 2777 apostolice
776 2698 948 2769 reservatis,
961 2715 1159 2778 quoscumque

152 2783 359 2845 sibi·¹subditos
371 2784 406 2843 iu·
422 2784 539 2843 dioecesi
553 2802 605 2842 sua
626 2801 680 2861 ρει
700 2782 826 2859 εειρεοε,
841 2790 892 2841 aut
907 2781 1058 2840 vicarium
1077 2784 1113 2841 ad
1128 2784 1158 2843 id

152 2869 322 2945 specialiter
335 2868 552 2947 deputandum.
566 2870 610 2927 lle
630 2865 687 2927 hoc
706 2866 772 2926 vide
790 2868 888 2928 Troct.
905 2863 939 2926 dc
948 2861 1051 2944 privil.
1062 2884 1094 2926 a.
1109 2869 1156 2930 99.

151 2950 235 3012 lianc
263 2960 361 3013 sutem
384 2952 551 3012 fucultatem
570 2961 666 3031 potest
687 2951 844 3030 Episcopus
869 2951 959 3010 etiam
981 2952 1156 3028 generaliter

149 3035 217 3096 aliis
229 3036 364 3114 delegare
374 3057 384 3114 3
395 3035 436 3097 ib.
447 3055 480 3096 n.
494 3038 543 3096 sl.
558 3037 729 3096 Notandum
746 3039 775 3096 2.
790 3034 869 3113 quod
890 3034 1026 3113 praedicta
1039 3036 1157 3097 facultas

147 3120 253 3181 veriirs
273 3120 387 3181 sublata
409 3131 453 3180 εει
471 3121 620 3197 Ερίεεοριε
641 3130 775 3198 ιεερεειιι
798 3121 835 3180 nd
856 3119 1009 3190 haeresim,
1034 3130 1064 3180 et
1086 3122 1158 3181 alios

148 3223 234 3266 cesus
245 3213 409 3265 reservatos
422 3204 453 3264 iu
476 3204 556 3264 bulla
575 3207 692 3275 Coen'ae,
713 3205 780 3264 vido
801 3201 823 3263 l.
842 3223 866 3264 e.
889 3222 921 3263 ιι.
936 3205 984 3263 58.
1007 3204 1037 3263 Si
1059 3211 1157 3266 ιιιιιειι

149 3289 219 3367 quis
241 3290 280 3348 sit
306 3288 466 3366 impeditus
485 3287 566 3347 adire
586 3290 730 3364 Romam,
757 3285 833 3349 bene
858 3296 952 3366 potest
976 3286 1086 3348 absolvi
1119 3290 1156 3350 ab

148 3373 311 3451 Episcopo:
323 3370 457 3433 absolute
469 3372 589 3449 quidem
599 3375 638 3442 ,si
654 3372 900 3450 impedimentum
912 3379 955 3430 cst
965 3381 1156 3449 perpetuum:

146 3457 207 3516 sub
215 3455 390 3533 juramento
406 3455 477 3518 verit
490 3456 615 3515 adeundi
630 3459 770 3524 Romam,
781 3457 804 3514 si
817 3464 860 3514 εει
870 3457 1046 3532 temporale,
1058 3474 1156 3534 excep-

145 3541 188 3601 tis
200 3558 319 3619 semper
333 3540 528 3613 mulieribus,
542 3547 572 3600 et
590 3541 690 3618 pueris
703 3560 713 3614 3
725 3537 840 3600 videils.
853 3557 886 3599 a.
900 3541 948 3600 59.
963 3538 1060 3600 adid.
1072 3543 1156 3601 insu·

148 3641 205 3703 ρει
220 3621 271 3685 hie
294 3624 390 3687 obiter
403 3623 566 3684 notandum
582 3625 612 3683 5.
627 3622 707 3700 quod
728 3623 989 3769 excommunica&
1003 3625 1112 3703 papalis
1125 3625 1155 3682 in
