2642 4167
769 65 782 96 Ι
886 73 888 78 .

152 182 213 244 902
462 179 597 240 Examen
607 174 853 239 ordinandorum.

153 287 288 343 mentum
307 280 468 352 dirimens,
488 278 526 339 ad
546 277 720 339 evitandum
744 275 935 352 scandalum,
963 284 1036 344 tuno
1055 283 1172 361 poterit

155 367 206 428 ille
224 366 340 443 (saltem
353 366 418 426 sine
436 367 519 442 gravi
539 362 638 442 culpa)
657 362 798 424 simulare
814 361 1041 425 celebrationem
1061 368 1173 427 matri·

155 451 249 513 monii
263 472 271 511 ε
286 461 358 512 ωηο
376 450 457 511 enim
470 494 479 522 ,
494 449 651 511 deficiente
674 463 836 519 consensu,
859 446 960 510 deficit
979 456 1148 511 contractus
1164 496 1175 520 ,

155 544 187 597 ct
217 536 373 597 deficiente
401 542 576 608 contractu,
610 550 667 595 occ
694 533 785 595 etiam
819 530 919 594 existit
949 544 1174 599 sacramentum

169 617 372 699 tdmffll
1067 635 1070 646 ⁴

156 620 167 701 (
198 708 247 769 18.
268 737 307 754 -
326 707 460 767 Minister
481 700 611 766 invalide
629 699 784 762 ministrat
802 707 1036 775 sacramentum,
1059 703 1083 763 si
1107 722 1177 768 non

158 791 399 854 intendatlacere
417 800 516 853 actum
537 796 694 849 externum
715 784 796 865 quod
818 785 887 847 lacit
904 787 1176 859 Ecclesia,ritum-

158 896 217 957 que
226 877 465 938 sacramentalem
481 872 622 935 adhibere
630 888 721 950 quem
732 869 861 931 intendit
870 871 994 932 Ecclesia
1003 916 1013 948 ,
1025 869 1042 931 b
1054 871 1179 934 christo

72 995 75 999 ⁴
159 962 309 1033 instituta,
322 970 353 1022 et
365 961 422 1022 hoc
439 958 553 1019 etiamsi
575 956 727 1027 minister,
749 972 809 1014 nou
825 952 893 1032 ioco
913 955 961 1034 (nt
977 954 1073 1017 adbuc
1096 958 1177 1018 insi-

160 1047 278 1125 pienter
289 1045 464 1107 admittebat
477 1039 651 1118 lutherus),
665 1036 716 1099 sed
734 1036 812 1100 scrib
828 1039 995 1112 ministret,
1009 1048 1043 1101 ut
1062 1040 1175 1121 proba·

158 1131 255 1191 vimus
267 1131 298 1191 in
312 1129 415 1191 ldorali
428 1125 462 1208 (l.
477 1129 506 1189 b.
520 1146 554 1188 η.
569 1127 619 1187 20.
629 1132 657 1186 et
671 1124 747 1202 lb).
761 1124 792 1184 Si
806 1122 877 1186 verb
892 1124 923 1185 id
939 1124 1002 1202 jam
1017 1126 1154 1188 intendat
1164 1125 1176 1198 ,'

158 1213 254 1276 aalide
266 1215 434 1290 ministrat,
454 1211 646 1274 etiamsinon
665 1205 771 1270 babeat
788 1210 983 1271 intentionem
1002 1211 1175 1290 explicitam
1231 1263 1241 1269 .

159 1299 328 1362 conterendi
340 1307 566 1360 sacramentum.
579 1296 652 1355 Dico
666 1301 728 1355 aon
742 1291 850 1355 babeat
867 1294 1057 1359 intentionem
1075 1292 1176 1377 expli-

158 1383 268 1461 citam5
280 1403 349 1444 nam
371 1384 395 1444 si
411 1380 537 1463 positive
557 1378 680 1440 haberet
701 1378 900 1440 intentionem
917 1397 978 1441 non
1000 1380 1175 1443 conterendi

158 1478 389 1545 sacramentum,
406 1477 477 1529 tuuc
488 1482 584 1543 neque
597 1464 763 1534 conferret,
777 1464 845 1541 quia
859 1473 930 1524 tunc
943 1465 1045 1527 reveri
1057 1466 1176 1527 nuliam

160 1552 281 1617 baberet
301 1555 496 1615 intentionem
514 1549 640 1612 faciendi
657 1547 815 1627 quodiacit
831 1550 955 1635 lieelesia
977 1550 1034 1629 (lb.
1048 1570 1081 1613 n.
1093 1549 1175 1630 iffi).

162 1643 302 1706 Sacerdos
320 1649 418 1702 autem
441 1638 598 1701 conficiens
613 1635 852 1711 sacramentalia,
865 1634 937 1716 putb
952 1656 1059 1717 aquam
1078 1636 1176 1701 bene·

161 1726 289 1802 dictam,
305 1729 337 1787 in
358 1726 497 1796 mortali,
514 1740 575 1783 non
591 1728 691 1800 peccat
702 1721 830 1799 graviter
843 1722 886 1802 (a.
900 1720 975 1799 ddi.
1206 1757 1213 1760 -

180 1815 250 1874 ·tt.
265 1845 303 1858 -
318 1812 417 1886 Quoer.
432 1811 486 1871 tlt.
502 1806 574 1886 quid
592 1806 781 1884 requiratur,
795 1815 828 1866 ut
842 1807 907 1884 quis
919 1803 1034 1881 valide,
1049 1818 1080 1872 et
1092 1809 1178 1872 licito
1297 1851 1306 1884 ‚,

162 1905 343 1959 sacramenta
359 1894 517 1971 suscipiat?
530 1893 569 1951 Ut
581 1890 679 1951 validis
699 1890 836 1968 suscipiat
853 1893 1017 1970 requiritur
1034 1897 1064 1954 l.
1079 1896 1120 1956 Ut
1135 1896 1179 1958 sit

162 1981 344 2059 baptisatus,
359 1997 427 2039 nam
441 1975 511 2036 aliis
525 1994 586 2036 non
603 1985 648 2034 est
662 1992 751 2053 capax
765 1975 892 2036 aliorum
907 1988 1175 2041 sacramentorum.

162 2068 193 2126 2.
207 2067 335 2143 Excepto
356 2068 540 2123 sacramento
561 2059 721 2138 baptismi,
745 2077 800 2138 pro
823 2078 883 2137 quo
903 2061 984 2122 nulla
1008 2064 1177 2141 requiritur

163 2148 289 2209 intentio
309 2149 341 2207 in
361 2145 480 2225 pueris,
494 2154 524 2204 et
537 2142 681 2222 perpetub
699 2143 967 2216 amentibus,oi1m
987 2147 1020 2209 iu
1038 2148 1081 2209 eis
1101 2166 1177 2229 sup·

164 2231 243 2311 pleat
264 2231 391 2291 intentio
412 2228 568 2305 Ecclesiae3
591 2229 623 2288 in
645 2228 712 2288 aliis
736 2229 924 2289 sacramentis
948 2247 1023 2309 opus
1045 2239 1112 2307 est,
1140 2241 1177 2294 ut

163 2315 323 2394 suscipiens
347 2315 449 2375 saltem
473 2311 611 2374 babuerit
635 2310 720 2391 pribs
744 2313 1038 2397 intentionemque
1061 2315 1176 2378 dieitur

163 2398 332 2477 habitualis)
341 2398 518 2479 suscipiendi
529 2405 746 2458 sacramentum
755 2441 765 2473 ,
781 2407 811 2458 et
823 2415 889 2457 eam
899 2416 960 2460 noa
972 2402 1174 2476 revocaverit,

164 2484 294 2563 utsupra
311 2484 440 2543 diximus
453 2502 486 2543 a.
501 2484 532 2542 9.
548 2482 623 2542 llinc
636 2483 662 2541 si
680 2482 746 2560 quis
757 2483 913 2544 ordinetur
925 2502 980 2563 per
993 2486 1073 2560 vim,
1087 2486 1176 2549 iuva·

163 2569 223 2631 tide
241 2567 545 2645 ordinaretur3seci1s
564 2568 587 2626 si
601 2585 657 2643 per
670 2576 802 2638 metum,
822 2568 892 2646 quia
910 2577 1006 2629 metus
1019 2588 1080 2631 nou
1093 2571 1176 2633 tollit
1190 2564 1197 2569 ⁷

163 2655 378 2715 voluntarium.
394 2652 667 2713 Probabilissimum
680 2659 742 2722 est,
757 2651 837 2729 quod
854 2662 1033 2714 sacramenta
1047 2654 1176 2733 inperi-

164 2739 231 2800 culo
246 2739 351 2799 mortis
368 2736 449 2799 licite
465 2736 591 2798 conferri
606 2744 728 2814 possunt
738 2746 797 2795 tam
810 2737 922 2807 ebriis,
940 2736 1029 2817 quiam
1039 2738 1127 2817 lapsis
1141 2740 1176 2803 in

164 2823 339 2896 amentiam,
352 2822 376 2882 si
388 2821 472 2900 priivs
483 2821 678 2882 intentionem
690 2818 849 2882 habuerint
865 2821 914 2881 itta
927 2822 1123 2904 suscipiendi3
1132 2825 1175 2887 ita

163 2908 240 2988 qu.
251 2911 387 2988 Castrop.
398 2905 491 2966 Sclm.
503 2903 593 2965 Crete
599 2950 609 2981 ,
622 2902 1102 2984 eard.tamtertinas,ete.es1>.
1114 2905 1174 2969 Tit.

164 2989 464 3075 etcop.d1ojorea,§.
480 2994 601 3065 Verum,
612 2988 647 3050 de
657 2992 750 3070 Bapt.
762 2990 839 3068 (tit.
849 2994 1018 3054 6.η.81.υ.
1028 2992 1173 3073 Utrum),

165 3076 277 3137 Sufficit
289 3077 379 3135 etiam
393 3084 527 3154 tempore
545 3075 650 3135 mortis
666 3074 793 3136 intentio
806 3077 1027 3156 interpretativa
1038 3078 1070 3138 in
1081 3079 1177 3139 susci-

165 3161 265 3240 piente
281 3161 414 3222 sensibus
436 3159 577 3226 destituto
594 3160 694 3236 quoad
710 3160 894 3222 Sacramenta
906 3170 1045 3229 extremm
1056 3162 1177 3223 unctio·

166 3245 230 3315 nis,
245 3253 280 3305 ut
289 3244 416 3307 habetur
428 3263 464 3305 ex
474 3244 602 3315 Rituali,
615 3252 646 3303 et
659 3244 750 3303 etiem
762 3245 1008 3318 confirmationis,
1019 3253 1051 3306 et
1060 3243 1178 3305 Eucha-

165 3328 280 3406 ristiae3
301 3339 337 3391 ut
354 3329 440 3408 ajunt
456 3331 534 3411 Luq.
553 3327 674 3389 Canius.
696 3331 781 3409 Spar.
800 3329 907 3416 croix,
925 3337 999 3405 ete,
1019 3348 1081 3396 nou
1101 3329 1176 3391 verb

167 3411 263 3487 quoad
284 3413 484 3491 baptismum,
497 3423 527 3474 et
546 3414 701 3491 ordinem3
713 3421 742 3475 et
755 3415 838 3476 tanto
855 3411 955 3476 minda
970 3413 1065 3493 quoad
1078 3414 1177 3491 paeni-¹

167 3495 312 3567 tentiam,
326 3506 356 3557 et
377 3498 620 3571 matrimonium,
635 3498 667 3557 iu
683 3498 790 3575 quibus
810 3498 933 3560 omnino
947 3497 1114 3576 requiritur
1125 3498 1177 3556 iu·

168 3576 261 3634 tentio
279 3581 419 3654 actualis,
436 3591 489 3643 aut
506 3583 610 3642 saitem
631 3582 767 3643 virtualis
787 3580 821 3659 (l.
842 3601 867 3644 c.
886 3600 919 3643 η.
939 3582 1012 3660 82).
1032 3582 1071 3643 Ut
1090 3579 1178 3643 licite
