2642 4167
375 235 424 297 Ex
437 233 571 316 operibns
587 235 737 298 Benedicti
749 238 840 300 XIV.
1056 238 1109 298 551

111 340 234 409 sil‚nee
252 335 339 396 cilius
350 343 505 397 coamens
517 345 596 396 ,ante
613 354 725 397 sacram
743 337 1002 399 communionem.
1021 337 1114 400 Porro

108 422 256 501 jejunium
273 419 352 481 istud
367 420 514 498 frangitur
526 421 614 481 etiam
633 423 777 499 parvitate
798 423 945 497 meterim3
956 442 1047 500 quare
1062 442 1115 483 nec

111 507 225 569 ablutio
248 512 366 582 sumpta
386 513 452 582 post
476 504 651 565 celebratam
673 506 791 566 missam
814 506 994 567 admittenda
1024 508 1061 568 ab
1078 527 1113 567 ee

112 602 157 653 cst
173 590 243 659 ,eui
262 608 298 649 eo
321 589 370 649 die
399 588 469 649 alias
488 590 589 650 missas
610 590 757 650 celebrare
775 592 976 667 permittitur,
1001 591 1044 654 uti
1066 594 1115 654 die

110 674 279 738 Natiuitatis
294 672 439 747 Domini,
462 690 521 750 quo
536 674 570 737 in
594 692 683 745 casu,
703 694 756 735 nec
775 676 843 735 licet
864 676 1011 738 celebrere
1029 688 1059 739 et
1077 681 1120 745 ad

111 760 244 821 dandum
266 765 377 835 aegroto
396 758 565 831 Viaticum3
589 776 657 817 nem
683 766 862 837 praeceptum
885 762 989 821 viatici
1006 762 1116 841 obligat

110 844 231 922 qitando
247 842 374 902 conferri
391 850 485 919 potest
501 840 584 917 juata
599 843 694 901 ritum
707 843 848 904 Ecclesiae.
863 845 1005 921 Reliquioe
1018 856 1115 906 tamen
1196 838 1200 843 ⁴

109 927 169 988 eibi
191 927 223 987 in
242 942 294 985 oro
313 934 523 993 remanentes,
546 925 570 984 si
585 924 811 1002 deglutiantur,
836 945 896 987 non
916 928 1055 1006 frangunt
1070 929 1116 1006 je·

106 1010 230 1088 junium
254 1008 407 1078 naturale,
430 1015 464 1067 ut
491 1026 528 1069 ex
548 1009 676 1071 Robrica
697 1011 819 1070 ldiastdis
837 1020 961 1071 constat.
981 1013 1116 1074 Vicissim

108 1096 134 1153 ei
151 1093 218 1169 quis
238 1101 393 1169 antequam
414 1108 517 1153 somno
530 1092 690 1154 cadaueris
706 1113 810 1171 parum
827 1093 954 1154 sacchari
972 1098 1003 1155 in
1022 1116 1055 1158 os
1068 1099 1115 1158 io·

109 1175 250 1246 duxerit,
268 1175 348 1251 quod
365 1175 505 1252 paulatim
524 1175 688 1251 liquescens
703 1177 734 1235 in
749 1175 930 1236 stomachum
942 1178 1114 1249 delabatur,

109 1260 142 1320 id
160 1259 263 1337 utique
273 1256 419 1334 jejunium
440 1258 517 1323 istud
530 1259 647 1335 irarrgil.
659 1259 790 1321 Tandem
808 1260 831 1318 si
845 1262 912 1337 quis
923 1280 975 1322 oce
986 1274 1117 1340 gustaret

108 1345 239 1417 vinum,
270 1344 318 1402 rel
344 1343 566 1407 condimentum
595 1343 632 1403 sd
655 1362 791 1420 soporem
818 1345 1059 1421 explorandum,
1086 1359 1116 1411 et

109 1428 212 1487 statim
234 1435 396 1506 expueret.
422 1425 484 1486 hard
507 1446 570 1487 non
591 1437 666 1489 osset
682 1430 785 1491 fractio
812 1426 929 1505 jejunii.
956 1431 1001 1491 De
1022 1431 1115 1491 Missae

108 1511 216 1572 secut
233 1511 286 1574 lib.
298 1513 327 1571 5.
338 1519 400 1577 toto
409 1528 475 1589 cop.
487 1512 535 1571 li.

149 1596 186 1654 ln
200 1595 309 1666 dubio,
323 1593 397 1654 num
408 1595 474 1671 ouis
486 1595 605 1671 fregerit
614 1594 762 1671 jejunium
770 1638 781 1670 ,
801 1595 952 1672 disputant
968 1593 1115 1674 theologi,

110 1679 190 1757 apud
208 1696 282 1757 quos
304 1678 375 1735 varii
396 1695 478 1735 casus
496 1678 739 1755 distinguuntur,
753 1686 906 1756 prestaret
921 1686 1020 1741 tamen
1032 1679 1116 1740 absti-

110 1764 185 1824 nere
203 1760 419 1840 iapereipieudd
439 1761 658 1821 commuuione.
672 1761 748 1823 lbid.
765 1779 796 1820 n.
814 1761 844 1820 7.

148 1846 291 1906 Sacerdos
313 1853 395 1904 entra
421 1845 540 1904 missam
564 1843 778 1903 Eucharistiam
800 1848 987 1921 suscepturus
1010 1847 1125 1908 stolam¹

109 1932 128 1995 ὸ
146 1930 226 1991 eollo
244 1945 415 2005 suspensam
428 1924 537 1987 hebere
549 1926 655 1997 dehet,
673 1925 716 1987 uti
738 1927 870 2004 praecipit
884 1928 999 1988 Rituale
1015 1930 1116 1990 Rouan-

108 2028 197 2079 num.
212 2014 311 2073 Potest
325 2010 396 2072 uerit
408 2012 537 2088 seipsum
551 2012 611 2071 suis
624 2012 761 2073 manibus
778 2012 993 2072 communicare
1005 2014 1029 2071 si
1041 2016 1116 2075 alsit

108 2097 302 2164 scandalum,
318 2103 349 2156 et
363 2104 499 2173 suppetat
516 2113 616 2171 cause,
632 2115 698 2173 quae
710 2096 927 2173 perceptionem
937 2097 1115 2160 Sacramenti

108 2184 209 2260 exigat
221 2223 230 2252 ,
244 2198 297 2239 nco
311 2180 386 2245 alius
397 2179 531 2239 sacerdos
543 2187 648 2255 praesto
667 2180 716 2237 sie
727 2180 817 2239 Causa
836 2179 907 2238 vero
921 2189 965 2240 est
977 2183 1115 2243 solemnis

109 2267 210 2341 aliqua
224 2264 377 2322 mulvitaa.
390 2263 434 2323 De
450 2263 530 2322 seer.
545 2263 625 2321 llliss⁴
639 2262 660 2321 Ι.
676 2265 705 2325 5.
716 2281 742 2323 c.
753 2264 802 2321 17.
814 2280 845 2320 n.
861 2263 910 2321 to.
925 2290 926 2295 1

148 2352 186 2407 ln
198 2348 294 2408 meeis
309 2346 515 2407 defunctorum
526 2345 739 2407 Eucharistiam
756 2346 891 2405 fidelibus
911 2345 1117 2409 administrare

109 2450 174 2493 non
193 2438 238 2493 cst
258 2431 401 2497 vetitum,
419 2427 487 2489 eum
508 2432 595 2489 Dcer.
615 2430 646 2489 S.
673 2431 705 2499 C.
719 2430 781 2486 1111.
799 2427 830 2485 ld
850 2427 1009 2502 prohibens
1027 2432 1115 2492 modo

110 2533 175 2577 non
196 2513 323 2592 amplius
340 2512 512 2575 exhibeatur
527 2510 601 2569 illud
620 2511 822 2587 poscentibus,
845 2519 874 2568 et
898 2509 975 2569 docti
994 2513 1116 2573 Rituum

109 2600 272 2677 scriptores
288 2597 463 2666 admittant,
475 2595 675 2655 administrari
694 2592 758 2651 told
775 2610 858 2668 posse
877 2594 908 2650 in
934 2595 1117 2672 quicumque

109 2681 235 2743 clemr'rm
259 2677 363 2750 missi,
377 2680 459 2740 nullo
475 2679 549 2736 iacto
562 2677 733 2735 discrimine
749 2674 827 2733 inter
845 2675 953 2732 formas
969 2677 999 2735 iu
1015 2677 1125 2745 cadem,

111 2765 203 2826 missa
221 2772 421 2834 consectatae,
440 2771 471 2822 ct
490 2760 650 2837 reliquias,
672 2776 738 2836 quae
760 2758 793 2817 in
811 2756 1012 2818 Tabernaculo
1029 2778 1116 2831 aseer·

110 2857 233 2911 rantur.
248 2848 324 2906 leid.
342 2865 368 2908 e.
389 2847 435 2907 18.
454 2864 486 2905 n.
506 2847 554 2904 11.

91 2968 95 2975 ·
150 2933 246 2993 Nocte
265 2930 375 2991 Natalis
398 2929 517 2989 Domini
542 2945 578 2988 ex
602 2927 733 2986 Decretis
757 2925 788 2984 S.
810 2926 845 2985 R.
869 2927 901 2986 C.
925 2924 1049 2987 vetitum
1072 2939 1117 2989 est

112 3015 335 3077 ministrarem
354 3012 441 3073 missal
461 3030 571 3071 aceram
590 3009 830 3070 communionem
850 3009 986 3069 fidelibus
1007 3011 1117 3071 adstan-

108 3100 217 3170 tibus3
234 3097 303 3173 quia
322 3114 377 3157 noo
396 3096 530 3155 sacerdos
545 3094 647 3157 eidem
667 3102 752 3155 nocte
767 3092 837 3151 alias
851 3094 923 3152 dues
935 3092 1036 3152 missas
1047 3095 1126 3173 cele·v

109 3179 202 3242 lirare
223 3178 416 3257 permittitur.
437 3177 511 3238 ibid.
527 3196 557 3237 n.
573 3178 621 3237 te.

151 3262 238 3324 Perii
256 3257 307 3321 Vi.
328 3263 358 3321 in
377 3263 548 3337 purascere,
569 3270 599 3319 et
611 3259 736 3320 Sabbato
759 3267 858 3318 sancto
878 3257 1064 3330 nullus‚uisi
1079 3261 1116 3320 ad

110 3346 284 3416 viaticum,
304 3355 347 3405 est
365 3344 644 3414 communicandus,
658 3352 692 3401 ut
703 3361 739 3402 ex
755 3340 965 3401 consuetudine
983 3342 1125 3425 omnium.

111 3429 310 3489 ocustarum
334 3439 448 3489 certum
466 3436 520 3489 est.
539 3426 613 3487 lbid.
629 3444 659 3484 u.
675 3428 722 3485 11.
784 3483 789 3491 ,

153 3510 294 3571 Sacerdos
303 3511 335 3570 in
345 3520 463 3587 peceato
479 3511 595 3570 mortali
609 3509 777 3566 ministrans
787 3504 1013 3577 Eucharistiam,
1026 3509 1118 3584 gravi·

112 3592 295 3657 amoliendit
304 3594 335 3661 iu
344 3594 540 3657 reverentiam
550 3592 622 3654 murti
632 3590 821 3652 Sacraruenti.
832 3592 871 3651 Ex
885 3609 943 3669 quo
956 3589 989 3647 lu
1002 3633 1009 3662 ,
1023 3598 1055 3649 ut
1066 3584 1125 3671 qui
