2642 4167
202 225 242 286 60
483 221 786 316 Procisooosesoorit.
802 223 874 304 Cap.
884 223 914 283 Β.

203 324 390 387 reciduntli
413 343 573 396 converso,
601 325 669 388 ciun
694 327 780 387 alicui
811 313 948 387 diiie‘rtur
970 324 1132 400 absolutio,
1147 330 1205 394 illo

204 409 373 487 vigilantior
384 411 442 470 erit
456 410 492 469 od
509 410 604 471 media
627 407 776 490 implenda
787 455 797 486 ,
820 409 905 470 etad
925 410 1125 471 obsistendum
1144 421 1205 473 ten-

203 493 383 570 tationibus,
399 495 438 553 ob
449 503 563 553 metum
579 513 617 554 no
631 492 740 556 iteruin}
755 496 816 552 sinc
826 494 1009 553 absolutione
1022 494 1204 574 dimittatur,
1302 499 1304 505 ’

203 575 270 636 ciam
284 575 320 636 ad
336 578 542 637 confessarium
559 579 678 639 redibit.
699 576 786 639 Forte
805 579 837 638 in
858 577 915 637 hoc
931 578 996 655 quis
1016 597 1064 639 mc
1081 579 1207 641 nimidm

202 662 333 741 rigidum
353 662 519 742 reputabit3
542 664 592 724 sed
616 683 670 742 ego
691 681 808 742 semper
826 664 867 723 sic
889 682 937 723 me
952 664 1026 741 gessi
1049 665 1080 724 in
1101 668 1207 742 praxi,

203 749 291 809 etsie
313 766 434 827 pergam
456 767 622 827 sucgerere
641 769 709 810 cum
732 750 768 809 iis
790 750 841 826 qui
865 759 935 809 sunt
958 751 987 808 in
1008 752 1140 827 proxima
1160 773 1207 812 oe-

202 832 333 902 casione,
349 833 483 910 quamvis
500 834 675 905 necessaria,
690 844 719 894 et
734 835 867 911 quamvis
883 834 1113 894 extraordinario
1127 836 1209 914 signa

202 914 313 975 doloris
327 915 469 975 haberent
484 960 492 986 ‚
511 935 626 994 semper
647 937 680 976 ac
694 918 767 977 mihi
784 936 844 978 non
857 918 1061 977 ostenderetur
1076 921 1208 996 specialis

202 999 356 1059 necessitas
373 1018 422 1060 eos
441 1003 540 1061 statim
554 1002 746 1077 absolvendi3
770 1009 800 1060 et
822 1004 864 1061 sic
882 1020 984 1062 censeo
1002 1002 1096 1063 muitb
1117 1006 1232 1083 magis‘

202 1084 339 1161 prodesse
364 1087 571 1162 poeuitentium
592 1088 690 1147 soluti.
719 1087 837 1146 Utinam
856 1097 886 1146 et
912 1104 1015 1148 omnes
1041 1089 1209 1151 confessarii

203 1170 243 1228 sie
262 1172 351 1230 etiam
372 1189 405 1230 se
429 1181 588 1248 gererent,
604 1170 644 1232 oh
670 1182 742 1248 quot
755 1180 869 1250 peccato
886 1173 1066 1241 vitarentur,
1087 1181 1117 1233 et
1137 1183 1210 1253 quot

202 1254 266 1313 aliae
282 1256 468 1314 salvarentur
485 1257 609 1332 anime!
625 1257 740 1333 Reputo
753 1255 833 1334 quod
846 1256 933 1335 sopri
945 1257 1004 1315 dixi
1020 1277 1028 1314 ε
1043 1257 1099 1317 Ubi
1112 1260 1212 1339 egitur

202 1338 239 1397 de
258 1338 410 1399 liberando
432 1340 592 1419 poenitente
609 1339 625 1400 b
642 1350 759 1418 peceato
773 1341 909 1412 formali,
931 1341 975 1400 uti
994 1340 1080 1401 debet
1098 1345 1212 1403 conses-

203 1422 296 1482 sorius
321 1424 508 1501 opinionibus
540 1424 794 1502 benignioribus,
821 1427 852 1485 in
881 1423 1026 1503 quontdm
1051 1424 1213 1488 christiane

202 1508 538 1589 prudentiaconoedit3
559 1509 609 1569 sed
628 1509 679 1569 ubi
706 1511 861 1587 opiniones
882 1511 1017 1587 benignae
1043 1512 1213 1587 periculum

202 1595 309 1674 peccati
333 1593 463 1652 formalis
484 1594 648 1671 proximius
671 1594 821 1662 reddunt,
840 1603 929 1674 prout
956 1596 987 1654 iu
1011 1592 1064 1655 hac
1086 1600 1214 1658 materia

201 1680 387 1740 occasionum
411 1679 614 1756 proximarum
632 1679 757 1749 occidit,
780 1679 846 1739 dieo
864 1677 986 1739 omnind
1005 1680 1166 1757 expedire,
1184 1690 1215 1741 et

201 1763 376 1843 quandoque
390 1771 548 1841 oportere,
572 1771 607 1823 ut
627 1763 818 1822 confessarius
845 1764 997 1823 sententiis
1018 1764 1216 1840 rigidioribus

202 1853 323 1917 utatur,
349 1857 420 1906 tunc
443 1846 522 1904 enim
538 1844 584 1905 hoe
608 1847 693 1906 valde
715 1849 809 1926 magis
829 1857 952 1926 prosunt
970 1848 1142 1910 animarum
1168 1869 1216 1910 sa·

201 1935 267 1994 luti.
283 1930 368 2005 Qubd
385 1931 409 1989 si
423 1939 520 1988 eutem
534 1931 619 2008 quis,
642 1933 788 1992 manendo
806 1934 836 1991 in
857 1933 1010 1993 occasione
1030 1935 1215 2011 necessaria,

201 2036 318 2097 semper
331 2016 434 2077 eodem
448 2016 536 2075 modo
552 2016 756 2087 relaberetur,
780 2018 868 2076 etiam
888 2017 1026 2076 remediis
1047 2016 1215 2093 adhibitis,

201 2115 231 2165 et
254 2101 367 2164 modice
382 2110 545 2180 superesset
566 2119 631 2179 spes
656 2102 890 2173 emendationis,
903 2112 973 2161 tune
995 2101 1060 2161 dico
1084 2103 1215 2165 omnini)

201 2188 271 2248 huic
292 2184 454 2264 negandam
475 2185 690 2246 absolutionem
708 2184 791 2264 prius
809 2185 898 2264 quiem
923 2188 1104 2246 occasionem
1129 2188 1219 2247 tollat

200 2269 290 2353 (ibid.
304 2290 335 2330 rt.
350 2267 442 2347 titt.
459 2271 494 2327 Et
512 2266 560 2329 bie
580 2289 648 2331 reor
665 2272 773 2330 instare
795 2269 938 2347 evangelii
955 2280 1140 2348 praeceptum
1158 2293 1167 2330 ε
1184 2272 1221 2332 Si

199 2352 300 2420 ocutos
312 2350 497 2415 scordotizot
509 2361 534 2412 te
547 2397 555 2425 ,
570 2354 637 2435 ejice
659 2374 725 2415 eoru
738 2356 847 2433 (Murci
856 2356 885 2413 9.
904 2354 979 2430 ab).
997 2356 1128 2431 Excepto
1146 2375 1219 2416 casu

200 2460 259 2518 quo
268 2441 412 2517 poenitens
425 2440 505 2516 signa
518 2438 627 2501 doloris
638 2440 804 2500 ostenderet
815 2450 872 2498 tam
881 2438 1116 2509 extrordinorio,
1132 2440 1219 2517 quod

200 2521 1219 2604 possetcoueipiprudensspesemendationistLib.tiatdbmnfiod.

567 2695 833 2756 cnarrutuuv.
1067 2689 1094 2696 “’
1221 2675 1238 2710 s

204 2860 352 2938 Quomodo
367 2879 397 2925 sc
414 2880 511 2944 perere
535 2860 636 2924 debeat
658 2860 855 3005 corlsfhssorius
879 2880 946 2923 cum
972 2860 1167 2941 bobii-uotis,
1194 2870 1226 2924 ot

422 2967 427 2978 ·
625 2945 782 3008 reciiiet's?

239 3193 287 3253 70.
298 3130 525 3258 Drsrruourum
538 3202 606 3251 sunt
622 3190 793 3252 habituatib
809 3192 956 3252 recidivis.
969 3189 1143 3251 Habituoti
1150 3202 1228 3253 sunt

201 3278 252 3353 qui
271 3276 406 3336 habitum
427 3287 636 3338 contraxerunt
656 3279 688 3338 in
716 3278 814 3353 atiquo
838 3287 976 3354 peccato,
1003 3277 1040 3334 de
1061 3295 1132 3352 quio
1159 3297 1229 3340 non

201 3359 295 3419 adhuc
313 3370 382 3421 sunt
403 3363 536 3422 confessi.
560 3362 631 3433 isti,
647 3370 681 3420 ut
697 3362 799 3421 dicunt
815 3363 879 3419 DD.
897 3358 929 3439 (l.
944 3363 973 3420 6.
989 3379 1020 3436 rt.
1035 3360 1127 3437 459.)
1144 3363 1229 3425 bend

200 3443 310 3503 absolvi
330 3455 471 3521 possunt,
486 3446 582 3523 primii
594 3447 656 3505 vice
678 3447 736 3522 qud
750 3444 928 3505 confitentur
939 3444 975 3503 de
989 3461 1080 3523 pravo
1095 3442 1229 3519 babitu,

201 3528 284 3586 volsa
298 3527 334 3585 de
351 3545 385 3587 co
405 3530 584 3589 confitentur
598 3539 752 3607 postquem
767 3535 1000 3590 retractaverunt
1015 3571 1024 3598 ,
1042 3526 1231 3591 dummodo

202 3606 334 3688 dispositi
356 3610 415 3671 siut
435 3630 488 3688 per
512 3632 615 3673 versun
635 3612 787 3685 dotorem,
813 3622 842 3672 et
874 3613 996 3673 brunum
1019 3613 1230 3690 propositum
