2642 4167
176 183 214 245 72
460 181 571 243 Proca
582 178 766 261 confamuli.
778 183 850 263 cop.
863 193 896 249 6.

174 279 262 363 lapsu
280 282 314 343 ia
329 281 485 349 borealea.
503 279 712 362 falsificatione
740 279 907 343 litterarum
926 281 1181 363 apostolicarum,

173 373 203 426 ct
224 363 368 428 delatione
386 364 603 446 prohibitarum
618 364 659 428 od
677 362 824 446 infideles,
844 384 880 425 ex
898 366 1083 428 concessione
1102 368 1185 427 sacta

172 449 302 512 Prtelatis
316 450 427 514 ordinis
440 449 684 521 eradicaturum,
700 461 730 510 et
740 467 793 527 pcr
802 450 1096 511 communicationem
1109 451 1185 511 alio·

171 550 241 594 rum
268 534 409 596 ordinum
434 536 466 595 in
488 535 596 605 bulla,
623 534 788 596 Pretiesus.
815 535 893 595 edita
919 554 989 596 ann.
1015 537 1101 596 rtet.
1124 534 1183 596 ubi

171 618 294 697 insuper
307 638 476 680 concessum
499 629 543 679 est
565 620 694 697 generali
712 619 841 691 ordinis,
856 628 891 679 ut
905 619 966 700 ipsc
985 618 1065 682 solus
1086 620 1185 699 possit

171 702 209 765 ab
225 702 444 785 irrepuluritote
453 701 625 784 hujusmodi
633 703 754 779 (seilicet
763 714 825 763 arta
837 723 872 764 ex
885 703 1054 782 homicidio)
1065 705 1186 787 dr'spert·

170 804 237 849 tum
258 807 325 848 eum
342 785 489 867 frutribus
508 787 567 848 sibi
585 786 727 856 subditis,
741 786 897 848 dummodd
910 786 1098 850 homicidium
1115 809 1186 851 666.

169 871 265 953 suerit
278 882 491 954 opponentem,
506 880 535 932 et
545 870 626 931 iatrd
642 867 773 932 caustro
786 872 916 932 extiterit
930 883 1183 936 consummatum.

171 956 247 1035 (leb.
262 960 291 1018 7.
304 977 336 1018 u.
351 959 419 1017 tot.
436 965 464 1016 et
482 975 513 1016 6.
528 955 618 1031 tut).

210 1042 443 1103 subornatum
455 1040 503 1101 hic
514 1040 594 1119 qubd
609 1044 633 1101 si
648 1043 714 1120 quis
728 1044 843 1120 ignorat
860 1060 1013 1103 censuram
1024 1045 1180 1124 papalem,

171 1146 227 1189 nee
238 1129 347 1206 ipsam,
359 1145 414 1186 nec
426 1125 508 1185 casus
521 1127 752 1187 reservationem
767 1128 909 1201 incurrit,
921 1128 988 1201 quia
999 1146 1079 1186 casus
1089 1149 1183 1207 papa-

170 1213 213 1274 les
232 1211 435 1291 principaliter
454 1210 493 1271 ob
514 1228 669 1271 censuram
694 1222 884 1272 reservantur
898 1208 974 1287 (tit.
987 1214 1017 1271 6.
1031 1232 1061 1271 6.
1077 1214 1182 1291 580.),·
1276 1201 1284 1216 ’

171 1297 208 1358 ad
225 1297 422 1358 differentiam
441 1314 561 1355 casuum
575 1296 800 1373 episcopalium,
814 1314 942 1373 quorum
964 1298 1093 1357 nesciens
1107 1317 1182 1358 cen·

170 1401 292 1453 suram,
316 1383 405 1442 etiam
432 1381 559 1440 incurrit
582 1397 702 1455 aasum3
725 1380 793 1458 quia
817 1380 950 1457 Episcopi
975 1382 1183 1459 principaliter

171 1485 269 1530 casum
290 1475 442 1526 reservant
457 1463 626 1544 (Ibid.).·et
648 1463 704 1525 hae
727 1466 841 1525 etiamsi
867 1465 1020 1543 ignoretur
1039 1467 1121 1528 casas
1133 1487 1184 1529 rc·

170 1552 313 1626 servatio,
326 1561 361 1611 ut
374 1550 564 1629 probavimus
577 1545 611 1628 (l.
626 1552 656 1611 6.
667 1569 700 1609 a.
716 1549 811 1629 tet).
824 1547 972 1611 Craterum
986 1551 1065 1611 66116
1076 1553 1182 1613 incur·

169 1640 248 1699 ritur
271 1654 393 1697 censura
417 1636 454 1694 ab
475 1652 510 1694 ca
532 1635 583 1711 qui
604 1635 817 1694 invincibiliter
836 1652 901 1693 eam
921 1635 1037 1712 ignorat
1052 1633 1126 1711 (Lib.
1143 1638 1179 1697 7.

170 1742 202 1784 6.
219 1722 294 1801 lb).
308 1722 384 1782 ltem
398 1719 561 1780 notandum
574 1763 582 1789 ,
596 1719 677 1798 qubd
696 1718 763 1780 crim
778 1720 846 1797 quis
862 1718 1001 1798 sacrilegi
1014 1721 1044 1779 in
1054 1719 1181 1795 jubilaeo

169 1810 316 1871 consessus
334 1806 440 1876 luerit,
454 1815 525 1863 tune
546 1804 708 1864 reservatio
728 1822 788 1863 non
806 1804 955 1873 aufertur,
971 1812 1005 1863 ut
1018 1806 1181 1883 probatum

169 1903 232 1962 est,
259 1890 422 1968 presertim
439 1907 477 1947 ex
502 1888 699 1948 declaratione
724 1889 774 1947 SS.
803 1891 888 1965 Papae
907 1886 1057 1949 ,Benedicti
1080 1890 1177 1951 XIV.

170 1976 246 2057 (tlt.
261 1978 291 2035 6.
305 1992 339 2034 6.
356 1974 424 2033 657.
439 1974 497 2048 Qu.
512 1971 582 2048 rt),
597 1973 740 2050 ldemque
758 1974 910 2034 tenuimus
929 1970 1017 2050 (Ibit.
1035 1992 1064 2033 6.
1077 1974 1112 2034 Si
1122 1995 1181 2034 orr-

170 2062 255 2137 6666),
271 2059 297 2119 si
315 2059 457 2119 mniessio
477 2056 568 2117 tuerit
586 2057 731 2130 invalida,
751 2058 900 2135 loquendo
918 2057 956 2117 66
971 2056 1109 2134 jubilaeo3
1122 2061 1180 2122 scd

168 2153 251 2208 entra
262 2143 417 2221 jubileum
429 2186 438 2215 ,
450 2143 475 2202 si
489 2144 555 2218 quis
565 2142 693 2202 invalide
704 2143 850 2202 consessus
859 2142 947 2202 luerit
957 2142 1034 2220 apud
1044 2143 1178 2219 aliquem

169 2230 401 2298 confessarium,
420 2229 471 2305 qui
492 2227 628 2287 facultate
641 2229 772 2307 pollebat
789 2246 878 2306 super
900 2227 1023 2305 pcccatis
1042 2245 1179 2286 reserva·

168 2320 226 2388 tis,
244 2313 411 2375 cummunis
432 2322 462 2372 et
481 2312 664 2391 probabilior
679 2322 723 2373 est
735 2314 879 2372 sententia
898 2311 978 2389 qubd
994 2311 1176 2376 absolutusb

168 2401 368 2465 reservatione
381 2409 499 2459 maneat
514 2396 591 2476 (Lib.
609 2401 639 2459 6.
658 2418 691 2459 a.
714 2400 782 2460 698.
806 2401 842 2475 Q.
856 2396 938 2475 Ν).
958 2400 1065 2475 Estque
1082 2397 1176 2459 ctiam

168 2485 356 2550 communior
375 2492 406 2544 et
426 2485 494 2543 satis
513 2483 674 2560 probabilis
694 2485 815 2562 opinio,
832 2484 1022 2560 poeuiteutem
1042 2480 1178 2542 solutum

168 2589 230 2634 esse
241 2569 258 2630 b
268 2569 484 2637 reservatione,
499 2569 632 2644 quamvis
647 2569 788 2628 confessio
803 2568 895 2627 luerit
912 2567 1068 2642 sacrilega,
1082 2565 1175 2627 modi)

167 2657 230 2735 ipse
248 2652 434 2731 culpabiliter
454 2670 515 2713 666
536 2653 660 2712 tacuerit
681 2653 845 2730 praesertim
866 2660 1018 2730 peccatura
1038 2666 1175 2710 reserva·

167 2750 232 2802 tum
264 2735 366 2815 mitt.
880 2781 884 2790 .

204 2738 309 2885 85611.
323 2821 409 2894 Quod
424 2820 553 2898 pertinet
567 2820 604 2880 od
617 2821 827 2900 obligationem
839 2817 1052 2884 denuntiandi,
1071 2816 1174 2879 adver·

166 2917 210 2971 tat
223 2905 435 2975 confessarius,
457 2904 537 2982 qubd
558 2905 622 2982 ipse
644 2916 763 2965 tenetur
784 2906 839 2965 sub
863 2904 947 2981 culpa
969 2902 1050 2981 gravi
1073 2902 1175 2980 impe-

167 3009 239 3055 nere
261 2990 417 3068 poenitenti
444 2989 652 3066 obligationem
676 2989 869 3049 denuntiandi
895 2986 1096 3066 superioribus
1116 2987 1174 3047 ali-

166 3094 277 3156 quem,
295 3073 346 3149 qui
362 3071 439 3133 serib
457 3074 614 3150 protulerit
631 3075 883 3152 propositionem,
896 3068 1173 3148 autblaspbemiam

166 3159 382 3227 barretiealem,
402 3175 470 3216 cum
484 3175 586 3218 errore
602 3158 784 3229 intellectus,
799 3168 829 3218 et
842 3158 1020 3237 pertinacia,
1036 3175 1097 3216 666
1106 3154 1173 3232 jam

167 3245 205 3306 ab
224 3245 435 3323 ignorantiam,
447 3241 589 3302 incuriam
602 3286 611 3314 ‚
626 3254 678 3303 aut
697 3244 811 3323 lapsum
826 3244 953 3322 linguae3
964 3260 1032 3302 nam
1051 3259 1087 3301 66
1101 3258 1172 3301 casu
1220 3290 1230 3300 .

167 3328 275 3387 subicit
292 3336 326 3386 ut
345 3327 491 3405 poeuiteas
512 3343 582 3398 erim
604 3326 641 3386 dc
662 3346 716 3388 sue
737 3345 838 3388 errare
861 3335 979 3387 maneat
996 3322 1072 3404 (Lib.
1090 3325 1120 3384 b·
1135 3343 1171 3384 a.

167 3413 237 3474 266.
250 3430 281 3470 υ.
293 3413 364 3472 Not.
379 3410 449 3488 rt).
467 3409 609 3471 Praetereb
631 3410 720 3471 debet
738 3413 891 3490 imponere
913 3410 1105 3482 mulieribus,
1118 3418 1173 3471 aut

167 3494 284 3573 pueris,
302 3501 337 3553 ut
354 3495 531 3556 denuntient
546 3495 754 3568 confessarios,
770 3497 822 3574 qui
836 3513 885 3556 eos
897 3493 1119 3556 sollicitaverint
1131 3492 1172 3556 ad

167 3577 283 3657 turpia,
298 3578 347 3638 vel
362 3596 430 3641 cum
446 3579 489 3641 eis
504 3578 674 3643 inhonestos
694 3588 834 3643 tractatus
852 3579 1021 3644 habuerint.
1039 3576 1171 3641 Observa
