2642 4167
161 206 220 265 idi)
354 199 639 284 Epitcmedottrinoe
651 197 969 262 moratiseteaueaicu

162 311 284 365 testator
303 301 424 365 mundat
437 301 547 362 cantari
560 301 618 362 sibi
630 301 760 379 aliquem
773 302 892 362 missum
903 347 912 375 ,
924 319 985 362 nou
998 303 1163 380 requiritur

159 385 303 451 &mnus
315 397 346 450 et
358 386 565 451 subdiaeonus.
576 386 673 447 instit.
684 387 761 446 tirel.
775 388 843 445 tus.
856 405 887 446 ιι.
900 389 965 447 us.
1111 400 1114 403 ·

200 479 409 542 commentitie
427 486 472 539 est
494 478 645 539 distinctio
664 476 743 539 inter
763 479 904 539 Rubrius
922 482 1115 559 praeceptivus
1136 493 1164 544 et

163 567 358 625 instructivas.
375 566 420 624 De
439 582 514 623 sarr.
539 565 633 623 Missae
648 581 712 640 esp.
729 565 778 623 tt.
798 582 829 623 ιι.
849 566 885 633 5,
899 563 950 623 sed
968 583 1081 625 omnes·
1094 562 1170 628 sunt¹

163 655 363 728 praeceptive,
378 648 430 708 sed
444 648 550 725 ulique
560 665 597 706 ex
610 647 742 707 materiae
755 647 898 728 paruitate
907 647 968 707 sub
979 649 1168 712 venieli‘tuu·

166 733 320 795 tummodo
334 733 477 810 outtgant.
490 731 565 792 lbid.

202 825 291 886 tutta
310 837 434 903 urgente
450 825 535 883 rausi
550 824 615 883 iere
630 833 781 903 peecatum
807 832 852 884 est
874 825 1022 887 celebrare
1046 830 1164 889 missum

165 910 308 988 privtum
327 928 389 969 non
410 909 539 968 recitatis
554 910 699 967 Matutino
711 921 741 969 et
755 908 965 969 Laudibusntt
982 912 1006 970 si
1020 912 1059 972 de
1081 916 1167 974 missi

165 994 351 1069 murentuati
370 988 489 1071 agatur,
505 992 637 1051 mortalis
649 992 784 1052 criminis
804 1009 871 1051 reus
881 992 972 1052 videri
990 996 1167 1071 possetiile,

165 1076 216 1155 qui
232 1087 301 1136 ente
317 1078 492 1136 ttatutmum
515 1083 545 1135 et
571 1075 683 1136 Laudes
701 1095 767 1136 earn
787 1076 947 1137 celebraret
958 1076 1079 1158 (nempe
1101 1092 1170 1142 aute

164 1178 228 1223 erm
242 1172 355 1241 partem
369 1160 456 1221 officii
473 1161 504 1219 in
513 1158 603 1220 ebore
616 1160 814 1237 eeiebrntum).
823 1161 902 1220 Sient
916 1171 947 1220 et
956 1175 1075 1241 peccato
1084 1167 1168 1242 graui

165 1261 197 1307 se
225 1246 438 1325 obstringeret,
462 1245 515 1322 qui
541 1245 684 1323 perpetuu
710 1255 741 1305 et
767 1245 849 1323 quasi
887 1247 988 1306 unium
1003 1251 1172 1319 ⁴stutuisset

167 1346 329 1408 numquam
361 1331 479 1391 missam
508 1330 657 1390 celebrere
676 1331 821 1392 Matutine
841 1347 910 1389 eum
925 1331 1076 1392 laudibus
1094 1333 1172 1393 reei-

75 1398 84 1415 ‘
162 1415 415 1479 maurum.

203 1514 321 1587 Nemini
339 1516 408 1576 lieet
430 1515 468 1575 ab
489 1515 572 1574 elteri
589 1513 727 1575 recedere
738 1515 831 1592 empti
852 1515 958 1587 missi,
979 1514 1085 1576 relicto
1110 1518 1190 1577 alioss

167 1597 317 1660 secerdote
329 1643 338 1669 ,
351 1611 382 1661 ut
400 1600 513 1677 relique
526 1596 681 1677 suppleat,
701 1607 735 1657 ut
754 1599 893 1657 statuitur
911 1601 943 1659 in
966 1617 1078 1660 munire
1089 1599 1172 1661 uut-

165 1679 213 1749 itu
224 1682 406 1765 Episcopus,
427 1682 462 1744 de
481 1700 560 1744 cuais.
579 1682 650 1744 diet.
674 1683 697 1741 t.
717 1683 802 1754 Quod
819 1683 860 1742 iti
877 1690 994 1744 vetatur
1007 1685 1064 1744 sub
1083 1702 1171 1763 prens
1232 1745 1235 1749 .

162 1769 364 1845 suspensionis
377 1812 385 1839 ,
400 1786 467 1847 quoe
487 1778 586 1829 tamen
605 1776 650 1826 est
669 1764 814 1835 semestre,
829 1782 889 1826 non
911 1767 977 1827 tatae
996 1770 1173 1843 sententie,

167 1866 221 1911 uee
238 1851 457 1924 tenuitates,
473 1853 497 1913 si
515 1851 647 1911 sacerdos
668 1861 738 1911 unte
755 1854 1007 1913 consecrationem
1025 1853 1064 1910 uti
1084 1852 1172 1913 elteri
1238 1918 1241 1921 ,

167 1935 230 1994 siue
254 1938 339 1996 ranst
359 1937 521 1998 recesserit.
544 1935 620 1996 ibid.
645 1951 672 1994 e.
698 1935 748 1994 ii.
765 1953 796 1994 ιι.
810 1937 840 1996 2
853 1935 905 1996 ubi
921 1936 953 1996 id
976 1936 1134 1997 definitum
1154 1935 1173 1995 i

166 2021 198 2083 S·
213 2021 321 2099 Congu.
337 2019 471 2083 affertur.

204 2120 235 2181 st
251 2124 421 2202 contingat,
442 2131 476 2183 ut
493 2122 647 2191 sacerdes,
667 2121 741 2182 dum
769 2118 888 2183 missam
906 2123 1056 2198 eelebrat,
1073 2126 1172 2187 subito

168 2204 273 2266 morbo
295 2209 491 2285 corripiatur,
515 2208 561 2266 rel
584 2215 721 2266 mortuns
743 2207 898 2278 enneidut,
917 2211 965 2268 ret
987 2208 1045 2268 line
1066 2211 1172 2270 accidit
1250 2227 1256 2236 ·

167 2302 235 2352 ente
249 2295 495 2352 consecrationem
508 2335 517 2364 ,
532 2309 585 2351 nee
602 2302 673 2351 tune
692 2309 766 2369 opus
786 2301 830 2351 est
843 2294 960 2352 missum
975 2295 1014 2355 ab
1027 2296 1087 2356 ulio
1099 2313 1174 2356 ean·

168 2378 293 2452 tinueri3
313 2377 336 2435 si
361 2375 430 2435 verti
454 2386 520 2455 post
544 2377 793 2437 consecrationem
812 2378 921 2447 unius,
941 2379 988 2438 vei
1015 2381 1173 2458 utriusque

167 2462 290 2543 speciei,
306 2470 376 2521 tune
397 2461 558 2541 supplenda
574 2468 620 2521 est
639 2462 727 2522 missu
739 2504 748 2529 ,
761 2471 790 2519 et
803 2463 925 2540 quidem
945 2480 981 2524 ex
1003 2475 1173 2544 praecepto,

168 2547 345 2611 imeerdote
357 2547 444 2606 initio
459 2545 528 2607 iude
541 2557 677 2625 sumpte,
692 2547 743 2605 ubi
758 2548 833 2606 ulter
847 2547 981 2607 sacerdos
992 2548 1131 2625 desierim
1143 2557 1177 2609 et

169 2632 193 2693 si
212 2633 296 2711 painr
314 2631 364 2690 iile
382 2630 514 2691 saeenlos
533 2629 629 2689 adhue
651 2631 747 2700 vivat,
761 2639 792 2690 et
806 2648 896 2708 eepnx
922 2633 962 2692 sit
980 2633 1176 2703 sacrementi,

170 2734 223 2777 nee
246 2716 301 2775 ntia
327 2715 434 2793 prusti
453 2716 493 2773 sit
513 2712 606 2774 hostia
628 2718 809 2782 mnseerata,
832 2733 869 2774 ex
894 2715 988 2777 trostii
1016 2715 1178 2775 sacerdotis

169 2799 287 2865 secundi
301 2817 368 2877 pars
381 2798 500 2858 infirmo
512 2798 705 2859 ministranda
719 2808 781 2876 est,
795 2807 830 2859 ut
847 2801 880 2859 in
890 2800 1026 2861 Rubrieis
1038 2801 1191 2861 uisentis..

168 2884 419 2951 rutundus.

169 3000 176 3035 1
203 2985 346 3051 Sacerdos
360 2987 478 3046 missam
495 2985 685 3063 suppleturus
702 2994 841 3064 praestare
867 2985 899 3046 id
923 2994 1033 3065 potest,
1053 2989 1079 3048 si
1099 2989 1179 3048 elius

170 3070 230 3132 ιιοιι
254 3068 346 3139 adsit,
368 3070 483 3130 etiumsi
502 3086 562 3128 non
581 3070 620 3130 sit
641 3068 779 3146 jejunus,
803 3072 876 3147 quin
892 3072 980 3130 etiam
996 3073 1020 3130 si
1042 3072 1074 3131 in
1097 3081 1179 3133 statu
1293 3108 1294 3117 ι

169 3157 271 3236 gretie
283 3172 344 3214 non
356 3164 509 3227 versetur3
524 3163 594 3212 tune
607 3154 688 3213 enim
703 3156 881 3231 quaerendus
890 3154 927 3212 ab
941 3155 993 3216 illo
1007 3164 1052 3214 est
1063 3156 1180 3218 eunies·

64 3262 71 3271 *
170 3240 281 3308 surius,
296 3246 328 3298 et
352 3240 377 3297 si
394 3254 454 3299 non
477 3238 664 3314 reperiatur,
682 3238 841 3309 eliciendus
867 3249 947 3300 aetus
962 3240 1177 3318 ⁴contritionis,

170 3333 258 3402 atque
281 3323 321 3381 ita
339 3331 524 3398 comparatus
546 3322 666 3380 missam
685 3323 828 3400 perduint.
845 3323 884 3382 At
895 3323 925 3382 si
947 3340 1045 3399 neque
1060 3328 1179 3386 conteri

116 3414 120 3419 ’
172 3415 283 3483 passer,
296 3422 391 3483 neque
414 3406 501 3469 missa
524 3403 561 3464 ab
577 3405 671 3465 attero
696 3406 797 3484 perfici
813 3416 881 3466 ante
901 3407 1078 3477 meridiem,
1095 3415 1180 3471 'tune

170 3490 264 3551 hostin
277 3500 307 3550 et
319 3491 393 3549 calix
411 3490 590 3551 reeondendi
609 3500 678 3551 sunt
694 3492 726 3553 in
738 3492 927 3555 tabernaculo
937 3536 945 3560 ,
956 3502 990 3551 ut
1004 3492 1042 3552 ad
1051 3493 1179 3557 niteram

170 3569 249 3631 elisur
262 3580 457 3633 reserrentur.
473 3575 539 3635 Hoee
551 3576 650 3639 omniu
662 3593 698 3639 ex
710 3577 881 3639 Ruiuieiset
894 3578 959 3639 uu.
970 3575 1048 3637 ibid.
1058 3595 1091 3637 ιι.
1102 3578 1135 3637 7.
1147 3589 1182 3642 et
