2642 4167
361 255 363 260 ,
406 222 452 281 Da
465 214 744 299 interropotioaibua
757 211 910 295 sociandis.
1125 215 1164 276 m

108 331 111 336 “
149 330 202 410 qni
217 328 347 390 formam
368 323 391 384 si
413 322 528 392 nificat,
547 317 710 395 lsubJecto
730 316 895 396 precisum,
922 322 1012 395 prout
1034 316 1161 395 eatpol-

150 410 291 476 cbritudo
306 453 315 481 ,
331 342 458 478 albedo,
478 414 534 466 etc.
556 405 712 464 conmotus
731 399 804 461 verb
826 397 972 478 signifieat
997 398 1161 476 subjectum

151 515 221 559 cum
239 497 337 556 lorino
356 490 563 568 conjunctum,
589 495 623 546 ut
639 495 684 547 εει
700 484 789 547 homo
809 481 950 562 pulcher,
964 481 1063 544 charta
1077 482 1162 550 olba,

150 578 310 642 emilina
338 573 411 635 dicit
438 590 540 633 rocem
562 577 697 631 artortnus
725 567 891 645 significare
917 564 1090 637 hominem,
1109 566 1161 643 qui

150 666 225 726 olim
244 660 342 721 animd
358 668 388 720 et
400 673 523 735 corpore
540 655 708 725 constabat,
731 650 781 713 scd
801 669 881 710 nunc
904 651 1045 727 importat
1058 666 1162 727 corpus

150 760 180 811 ct
197 747 329 807 animam
350 742 536 820 disjunctam.
562 741 598 798 Et
617 756 654 799 ex
677 736 734 796 boe
748 735 918 806 concludit,
932 733 1013 812 qudd
1031 742 1162 795 mortuos

149 829 276 907 alicujus
289 844 412 905 persona
429 823 622 894 maledicens,
644 839 706 884 uon
721 817 818 880 solium
830 836 934 880 eorum
953 836 1094 898 corpora,
1111 816 1163 880 sed

150 916 265 975 animas
282 912 372 970 etiam
392 907 549 967 maledicit.

190 992 376 1072 Respondco.
403 992 463 1068 ligo
484 1006 544 1049 non
573 987 640 1048 dico
664 986 744 1066 qubd
763 995 893 1048 mortuos
911 985 1088 1047 maledicens
1113 1003 1162 1046 cos

150 1077 318 1142 considerat
336 1084 476 1151 tanquam
493 1072 673 1142 abstractos,
690 1071 799 1131 scilicet
820 1080 960 1148 tanquam
976 1070 1084 1130 formas
1099 1070 1163 1129 sina

149 1160 284 1238 subjecto
298 1181 307 1217 r
322 1156 373 1217 scd
390 1156 457 1216 dieo
472 1154 553 1233 qubd
576 1153 742 1233 praescindit
757 1153 774 1213 ia
794 1154 1015 1215 considerandis
1030 1160 1162 1213 mortuo·

150 1265 220 1306 rum
242 1241 417 1315 animabus,
438 1257 503 1318 quae
524 1257 604 1299 nunc
626 1239 765 1298 existunt.
789 1238 878 1314 Aliud
900 1247 943 1298 est
972 1233 1161 1306 abstrahere,

151 1329 232 1409 quod
259 1337 303 1387 cst.
326 1324 511 1385 considerare
529 1323 657 1400 aliquam
676 1323 801 1382 sormam
821 1324 885 1383 sinc
904 1320 1058 1399 subjecto:
1083 1321 1163 1381 aliud

152 1410 371 1490 praescindere,
402 1405 481 1483 quod
513 1417 557 1466 εει
587 1404 784 1471 considerare.
800 1406 946 1485 quoddam
973 1405 1161 1484 subiectum.

152 1497 310 1574 praecisum
330 1493 367 1551 ab
387 1492 483 1567 aliqua
500 1491 718 1551 circumstantia
736 1501 787 1552 aut
805 1493 964 1570 qualitate,
980 1508 1046 1568 quae
1057 1489 1162 1566 respici

152 1588 258 1658 potest.
284 1580 403 1637 Certum
429 1582 473 1633 ost
489 1573 623 1634 homines
643 1575 706 1635 riti
722 1573 836 1637 iunctos
857 1593 937 1636 nunc
958 1572 1076 1633 eosdem
1102 1590 1162 1632 non

153 1682 231 1733 esse,
254 1662 305 1739 qui
325 1658 451 1720 vivendo
473 1659 604 1719 luerunt.
629 1660 713 1719 Tune
737 1669 781 1721 tot
809 1667 895 1719 erant
910 1673 1043 1737 personae
1065 1654 1162 1714 anima

152 1757 183 1808 et
196 1762 321 1824 corpme
337 1741 499 1818 conjunctis
515 1742 707 1819 compositae,
726 1761 806 1804 nunc
827 1739 898 1801 verb
919 1755 1022 1799 eorum
1037 1739 1162 1810 anime,

153 1838 184 1891 ct
203 1846 327 1907 corpora
352 1827 481 1886 existunt
506 1825 647 1903 quidem,
668 1826 718 1885 scd
745 1825 889 1904 disjuncta
917 1823 1058 1884 existunt.
1084 1824 1162 1895 Qua-

153 1923 297 1994 propter,
320 1910 387 1972 etim
410 1907 522 1970 ntortui
550 1909 790 1983 maledicuntur,
820 1927 880 1970 non
908 1908 975 1970 ided
1001 1905 1162 1969 necessario

154 2001 288 2077 ipsorum
309 1996 414 2055 animae
437 1994 598 2054 maledictae
613 1996 738 2057 veniunt
751 2038 760 2070 ,
774 1995 830 2056 nisi
846 1993 914 2057 citm
928 1994 986 2057 illoe
998 1992 1162 2073 spetialiter

153 2082 384 2161 exprimuntur,
402 2078 447 2138 tel
467 2078 685 2157 intelliguntur.

191 2163 249 2224 Sed
267 2163 395 2240 denique
408 2163 527 2222 ductori
542 2164 678 2242 Epistoloe
697 2165 907 2238 concedamus,
928 2164 1008 2243 quod
1029 2163 1091 2242 ipse
1112 2182 1162 2245 og·

152 2266 269 2329 gressus
280 2256 325 2307 est
335 2247 478 2305 sustinere
491 2290 499 2317 ,
512 2246 655 2308 nimirum
666 2247 746 2326 qubd
758 2248 883 2310 mortuis
895 2249 1070 2309 maledicere
1080 2247 1160 2308 idem

153 2336 191 2393 sit
205 2330 293 2409 quiam
307 2330 348 2390 cis
372 2327 545 2391 maledicere
565 2332 639 2391 acsi
662 2332 792 2392 viventes
811 2342 916 2399 essent,
933 2334 1039 2406 Quaero
1058 2354 1066 2391 z
1084 2333 1161 2413 Ergb

153 2417 205 2495 qui
221 2414 373 2476 hominem
388 2414 489 2475 vivum
508 2414 847 2494 maledicit,.scmperne
869 2415 1017 2480 lethaliter
1038 2422 1162 2497 peceat?

153 2501 264 2561 Omnes
280 2501 345 2557 bb.
364 2496 468 2574 ajunt,
485 2498 643 2578 Cojetortus
655 2542 663 2570 ,
675 2500 780 2574 Sotiis,
797 2496 914 2561 Melino
927 2545 936 2572 ,
950 2498 1071 2571 Grada,
1086 2503 1162 2561 Azo-

152 2582 239 2654 rius,
260 2583 362 2661 Lupo,
377 2588 406 2642 ct
427 2576 483 2641 olii
499 2598 565 2642 eom
585 2580 866 2646 Salmanticensibus
883 2581 919 2643 de
937 2583 1074 2649 Restituit.
1091 2601 1116 2642 e.
1130 2586 1161 2643 ι.

152 2685 186 2725 n.
199 2667 248 2726 ⁴27.
260 2674 290 2726 et
302 2667 352 2726 28.
367 2683 403 2726 ex
413 2668 454 2725 D.
471 2665 524 2727 Tb.
538 2669 568 2728 2.
586 2668 617 2728 2.
636 2686 667 2747 q.
682 2668 731 2726 76.
747 2685 777 2729 o.
793 2670 823 2734 4.
840 2665 906 2726 tiam
928 2665 1164 2734 maledictionem

152 2750 186 2809 in
205 2749 378 2825 proximum
396 2758 546 2826 peecatum
559 2748 621 2809 ess‘e
632 2749 777 2820 mortale,
793 2747 863 2808 cbm
878 2747 940 2825 ipsa
955 2757 998 2812 est
1009 2748 1163 2822 formalis,

152 2831 320 2911 seiliccttut
332 2832 456 2909 explicat
474 2831 645 2913 cajetanus)
657 2828 725 2892 edm
737 2831 871 2910 proximo
880 2840 997 2909 optatur
1008 2831 1163 2902 damnum,

150 2923 184 2975 ct
205 2914 349 2975 damnum
369 2933 478 2993 grave,
502 2914 581 2994 quod
599 2914 706 2994 aliquis
728 2915 770 2980 illi
791 2914 989 2994 imprecatum
1006 2932 1067 2978 noo
1093 2914 1164 2976 verb

152 2997 225 3059 eum
254 2993 418 3058 maledictio
443 3008 487 3058 est
515 2997 632 3060 tantdm
647 3000 828 3076 materialis,
855 2989 962 3078 u'empe
983 3002 1047 3061 sine
1075 3016 1165 3077 prauo

153 3082 255 3142 auimo
272 3083 397 3160 prolata.
411 3084 448 3142 Et
466 3083 588 3164 quidem
606 3086 637 3144 in
662 3085 780 3146 vivente
798 3084 877 3146 certia
896 3102 1002 3165 corpus
1015 3093 1044 3145 ct
1063 3083 1163 3143 anima
1185 3127 1195 3134 -

120 3221 129 3248 e
154 3165 244 3225 simul
262 3166 402 3225 existunt.
424 3168 461 3226 nt
477 3185 567 3245 quaro
586 3185 648 3233 nou
670 3177 713 3227 est
741 3170 891 3234 mortale?
912 3168 981 3245 quia
1001 3166 1052 3242 qui
1073 3169 1164 3226 male·

124 3273 129 3280 ·
155 3247 228 3309 dicit
256 3246 371 3309 bomini
393 3250 505 3310 viventi
521 3269 580 3310 non
607 3269 723 3329 semper
754 3253 880 3331 proximi
913 3252 1020 3311 animae
1038 3251 1166 3313 intendit

154 3329 353 3417 maledicere,
375 3341 405 3393 ct
422 3335 632 3396 contumeliam
653 3335 762 3395 inferre
782 3335 950 3395 substantiae
971 3334 1034 3408 iiii,
1055 3337 1087 3397 in
1107 3356 1164 3417 qua

154 3415 321 3494 specialiter
336 3418 435 3493 imago
454 3419 507 3478 Dei
526 3420 682 3498 splendet,
699 3419 750 3478 sed
764 3418 934 3495 praescindit
949 3417 987 3479 ab
1001 3421 1100 3481 anima
1116 3440 1165 3481 rc·

155 3498 324 3576 spiciendo,
348 3508 378 3557 ct
395 3500 436 3559 itu
459 3518 579 3579 gravem
599 3521 658 3563 non
676 3503 835 3562 committit
857 3503 986 3581 culpam,
1010 3504 1068 3578 Qut
1085 3522 1165 3565 crea-

154 3581 232 3641 turis
249 3582 500 3645 irrationabilibus
518 3586 666 3649 maledicit
680 3584 796 3663 (docent
816 3585 895 3653 idem
911 3588 952 3649 D.
970 3584 1096 3653 Titaresos,
1109 3584 1164 3659 lna
