2642 4167
138 225 198 287 220
395 222 531 285 exesum
539 221 782 287 ordinandorum.
793 223 867 306 Cep.
883 222 914 286 5.

139 322 220 384 modi
238 321 344 401 dignos
366 321 398 383 in
431 323 579 395 Ecclesia,
600 330 632 384 ct
658 323 824 402 expoliendi
848 322 1007 402 indignos,
1037 326 1152 390 seilicet

140 403 292 476 infideles,
308 403 521 479 hereticos‚‚et
530 407 805 469 excommunicatos.
814 408 934 469 Materia
944 415 1054 471 remote
1065 413 1149 473 ostio·

137 486 310 548 'riatbssuut
323 489 417 549 eleves
427 490 578 552 Eeelesiss:
594 490 736 570 prosimu
747 491 872 553 clavium
890 492 1020 552 traditio.
1038 495 1146 556 Forma

141 571 311 632 suntuerbs
323 572 505 647 ordinantis,
523 585 553 636 ει
568 575 692 636 dicentis
709 574 781 637 :Sic
798 593 851 655 epe
872 575 961 654 quasi
979 575 1149 642 redditurus

140 652 287 714 rationem
307 674 363 735 pro
385 654 432 718 itis
450 657 553 730 rebus,
580 677 648 739 que
672 658 719 721 bis
739 655 869 720 cleribus
887 656 1149 724 reoiuriuutur.1te

142 738 264 799 trudunt
282 740 344 800 ΛΑ.
360 742 412 819 qui
432 749 534 802 tenent
555 743 685 822 singulos
702 751 815 821 septem
836 741 955 803 ordines
971 761 1034 804 esse
1053 762 1149 807 secro-

103 870 109 882 ,
142 830 253 882 menn.
276 823 378 885 eleves
405 825 514 886 debent
542 843 603 887 esse
622 827 751 905 proprie
778 825 935 896 Ecclesiae,
955 844 1009 887 nec
1026 838 1150 905 possunt

142 905 208 965 ulios
225 905 385 980 substitui,
411 908 579 987 debentque
603 913 685 989 tongi
708 910 746 970 eb
767 908 942 971 ordinando.
966 907 1020 969 liic
1047 920 1150 973 sutem

142 987 241 1049 denub
260 989 381 1050 adverto
404 991 435 1051 id
461 993 542 1069 quod
556 1001 690 1054 notatum
715 1000 861 1053 est‘uum.
878 994 927 1054 28.
941 1009 1047 1071 nempe
1067 994 1148 1071 quod

142 1073 174 1131 in
193 1083 373 1134 sacramento
385 1073 498 1136 ordinis
517 1079 639 1137 muteris
660 1075 782 1140 omniub
805 1075 945 1135 tradenda
964 1084 1008 1135 est
1025 1075 1062 1135 eb
1085 1079 1148 1156 ipso

143 1156 321 1233 ordinante,
344 1157 414 1218 eliis
439 1170 653 1220 sacromentum
683 1157 812 1220 invalide
835 1160 1038 1234 ministretur,
1059 1169 1089 1221 et
1109 1160 1148 1223 ub

143 1237 245 1299 eodem
257 1238 345 1302 debet
357 1241 445 1303 missa
459 1242 599 1304 celebrari
613 1243 691 1322 (tit.
706 1246 736 1305 6.
749 1262 781 1304 u.
797 1241 891 1321 tib).

444 1420 559 1492 ,Sestio
577 1421 615 1481 11.
629 1422 674 1481 Do
687 1416 837 1481 lectoratu.

183 1665 231 1725 st.
248 1698 287 1711 ·-
299 1605 508 1729 Lscromrus
530 1671 575 1725 εει
593 1661 666 1726 onio
681 1706 690 1736 ‚
708 1680 767 1745 peto
790 1662 942 1745 confertur
955 1653 1083 1748 potestus
1105 1662 1148 1727 le·

142 1746 233 1827 pendi
245 1748 417 1829 Scripturas
430 1766 530 1812 sacrm
548 1747 582 1809 iu
603 1743 743 1809 Eccicsie.
757 1749 876 1809 Materia
890 1757 1000 1810 remoto
1011 1756 1055 1809 cst
1070 1749 1149 1812 liber

145 1829 368 1909 prophetiarum
378 1877 387 1906 ,
396 1843 426 1894 et
438 1832 648 1913 epistolarum
659 1831 798 1911 prosince
812 1833 892 1893 itlius
900 1833 1027 1893 traditio.
1042 1834 1149 1895 Forma

144 1925 213 1973 sunt
222 1915 310 1975 verbs
325 1938 334 1976 s
354 1917 458 1998 Accipe
471 1924 501 1976 ct
512 1924 572 1978 esto
587 1914 669 1977 serbi
681 1912 740 1976 Dei
750 1912 870 1988 relator,
877 1924 930 1977 etc.
945 1916 1079 1977 Officium
1093 1919 1150 1995 igi·

144 2007 194 2056 tur
218 1998 335 2059 lectoris
362 2010 407 2061 est
439 1999 555 2078 legendi
579 2017 675 2059 seems
706 1998 871 2078 Scriptores
897 1999 1040 2079 (intelligo
1064 2010 1149 2062 extre

144 2082 285 2155 missam,
309 2102 379 2146 nam
404 2085 436 2145 in
459 2085 545 2144 misso
560 2084 690 2144 officium
720 2091 765 2143 est
780 2083 984 2163 subdiaconi),
1005 2085 1151 2147 ucetiam

78 2161 85 2170 “
143 2164 366 2229 catechumenos
387 2167 563 2229 instruendi.
581 2168 611 2227 Si
621 2168 685 2228 loeo
695 2167 762 2227 iibri
777 2169 967 2246 epistolarum
979 2168 1041 2228 sive
1052 2164 1151 2229 lectio·

142 2250 431 2312 iterii-truderentur
450 2252 543 2311 Bibiie
555 2293 564 2322 ,
574 2260 627 2311 out
638 2251 840 2323 Breviorium,
854 2251 951 2312 valida
964 2251 1105 2331 quidem,
1118 2259 1153 2313 et
1164 2329 1169 2336 ¹

143 2335 237 2396 ctiam·
248 2335 328 2398 licito
351 2344 428 2400 esset
445 2334 617 2413 ordineti03
636 2333 719 2396 secius
734 2335 759 2396 si
775 2336 851 2398 elius
867 2335 953 2398 liber.

373 2609 380 2613 ,
432 2522 529 2583 8εειίο
542 2522 596 2581 ttt.
610 2522 656 2582 De
672 2521 858 2583 exorcistam.

182 2760 233 2821 bii.
244 2793 284 2807 ·-
298 2695 534 2822 Exonersrtros
552 2766 597 2818 cst
609 2754 699 2829 ordo,
717 2772 775 2836 quo
794 2755 889 2818 detur
896 2764 1027 2840 potestas
1049 2753 1151 2840 espel-

144 2839 225 2903 icndi
236 2842 381 2904 demones
399 2841 437 2903 eb
452 2840 590 2917 obsessis,
604 2858 641 2901 etc
656 2857 704 2901 cos
724 2840 887 2921 impediant
902 2844 923 2901 ci
937 2842 1150 2903 commuuione.

143 2928 380 2989 bioterisremoto
388 2936 431 2987 est
443 2926 518 2986 iiber
528 2924 758 2986 exorcismorum
771 2945 780 3000 3
790 2923 930 3005 proximo
942 2923 1004 3001 ejus
1018 2926 1149 2986 traditio.

144 3014 271 3072 Porms:
289 3009 412 3090 Accipe,
429 3017 457 3069 et
471 3006 544 3069 tate
563 3016 737 3087 potestatem
753 3006 923 3087 imponendi
935 3025 1042 3067 monus
1061 3025 1154 3088 super

143 3110 347 3174 cuerpumeuus
360 3136 369 3165 ,
383 3101 434 3152 etc.
447 3093 632 3151 Exoreismus
645 3100 744 3151 autem
757 3099 802 3151 est
820 3092 946 3151 formula
967 3090 1100 3168 quedem
1111 3091 1151 3153 eb

142 3179 267 3240 Emissis
278 3178 411 3238 institute
423 3175 461 3236 ed
470 3176 616 3236 demones
629 3175 770 3253 fugendos
779 3177 811 3236 in
823 3178 943 3236 nomine
952 3175 1020 3235 tesu
1029 3173 1152 3238 Christi.

145 3266 184 3324 Ut
203 3263 293 3341 possit
309 3271 408 3323 sutem
424 3262 570 3321 Exercistu
590 3261 762 3320 solemniter
776 3262 961 3336 exorcizare,
984 3257 1153 3336 requiritur

143 3350 231 3408 etism
252 3347 369 3408 collatio
384 3344 690 3423 jurisdictionis‚sive
707 3344 824 3405 licentio
843 3343 988 3422 Episcopi.
1001 3342 1155 3412 ldtemen

143 3448 204 3489 non
235 3435 279 3488 est
304 3430 343 3490 ob
364 3428 414 3507 jus
442 3446 620 3506 commune,
643 3428 695 3487 sed
714 3427 954 3507 ob‘psrtieulere
968 3432 1150 3505 preceptum

143 3511 353 3587 Episcoporum
379 3509 601 3591 prohibentium
624 3513 790 3572 exorcizare
813 3512 878 3573 siue
898 3526 1002 3572 eorum
1029 3508 1151 3569 licentio

142 3588 174 3664 (t.
192 3607 217 3647 e.
235 3609 268 3650 u.
290 3593 384 3671 iti-t.
407 3595 527 3656 Dictum
547 3605 591 3656 est
615 3592 805 3670 solemniter,
824 3593 891 3656 eim
909 3595 1032 3674 quisque
1052 3590 1154 3653 fidelis
