2642 4167
170 185 229 249 474
356 178 492 260 Epitome
504 171 645 237 doctrinar
659 166 782 233 abac&
795 175 825 231 ct
840 164 988 230 comittem

168 282 295 364 spissata
318 280 355 341 ad
374 280 627 357 ilices-gerontam
642 273 682 334 ila
700 272 849 352 Baptismo
874 268 1090 341 Hebraeorum,
1115 272 1173 327 cte.

167 367 515 432 PoeaamoIIenrc,ate.
530 360 607 421 Vide
618 359 658 420 de
668 361 739 438 Syn.
751 357 838 417 dimo.
852 357 874 415 1.
887 356 917 414 6.
934 373 962 414 o.
975 352 1004 413 4.
1016 370 1046 413 n.
1061 351 1095 411 4.

207 451 321 512 llohrmi
345 466 412 510 cum
429 444 565 506 limfatici
585 460 645 504 non
663 443 756 513 valet,
774 440 907 501 obstante
927 436 1024 497 callias
1048 434 1178 513 dispari·

166 525 237 596 aas.
251 533 377 613 Epistola
391 528 627 591 odeardinalcm
645 529 757 587 Ducem
773 525 983 586 Ehorrcmsom
1003 520 1071 581 (lata
1091 518 1174 580 dics

167 619 243 680 lehc.
259 619 346 679 4749.
357 615 386 696 S.
397 617 445 675 lt.
459 623 488 675 et
497 631 578 690 seqq.
591 612 701 671 Bullar.

194 701 286 764 ’lirim
306 703 338 761 ln
355 718 421 760 casu
434 742 442 768 ,
456 717 515 777 qao
531 698 673 756 alteruter
687 712 724 753 ex
735 692 910 772 conjugibus
926 691 963 752 ad
981 690 1072 751 fldem
1084 705 1178 750 venc-

168 787 230 858 rit‚
252 786 355 846 relicto
380 786 494 853 altero,
515 783 565 859 qui
593 797 653 839 non
679 779 744 839 vult
773 772 939 838 cohabitare
968 777 1033 835 sinc
1065 774 1177 852 injuriat

168 870 332 935 Crantoris.
352 868 422 927 dein
442 864 513 926 read
531 875 562 924 et
580 864 642 942 ipse
660 864 697 922 ael
719 863 808 923 sidem
833 874 991 921 conversus
1008 861 1065 932 sit,
1086 870 1177 937 atque
1228 870 1233 877 ·

169 958 289 1019 interim
301 963 453 1032 postquam
464 949 610 1009 secundus
620 992 628 1017 ,
637 946 706 1009 licdt
717 949 753 1007 ad
762 948 849 1009 fidem
858 960 1014 1008 conversus
1022 954 1083 1016 est,
1093 941 1179 1023 prior

169 1039 276 1116 conjux
293 1036 432 1098 secundas
448 1035 567 1112 nuptias
587 1033 728 1104 inirent,
741 1036 772 1093 in
788 1052 823 1094 eo
845 1050 912 1094 casu
928 1030 1112 1092 suadendum
1137 1030 1180 1089 sit

169 1124 303 1185 Pontifici
315 1167 323 1192 ‚
335 1132 368 1180 ut
386 1118 607 1180 matrimonium
625 1118 657 1176 in
678 1118 1097 1178 inanetnnaconsammatum
1116 1114 1179 1174 dis-
1266 1174 1270 1181 ,

168 1204 262 1266 solvat
286 1206 316 1266 in
336 1206 467 1265 lavarem
483 1201 603 1267 mundi
626 1202 776 1279 conjugiig
796 1202 920 1279 ambigit
943 1198 1051 1261 merilh
1073 1199 1180 1258 Ponti·

168 1287 236 1360 lex,
259 1299 290 1349 et
311 1299 409 1348 censet
423 1288 454 1346 id
468 1287 533 1346 lieri
553 1302 612 1344 non
635 1286 762 1361 debera,
778 1286 834 1346 nisi
846 1286 942 1346 adsint
958 1301 1051 1346 enasoe
1063 1283 1180 1362 gravis·

170 1372 264 1435 simoe.
277 1376 321 1434 De
335 1376 408 1452 Syn.
424 1372 511 1431 dioec.
528 1370 581 1430 lib.
596 1372 626 1430 6.
637 1389 665 1429 c.
679 1373 709 1431 4.

185 1458 188 1465 ’
207 1457 364 1528 Catholici,
378 1457 508 1534 quicum
526 1453 667 1514 haeretico
686 1453 909 1514 matrimonium
921 1453 1072 1514 celebrant
1086 1453 1180 1513 etiam

171 1544 203 1605 in
227 1544 297 1604 loeis
315 1542 542 1610 haereticorum,
558 1539 728 1618 gravissime
747 1546 883 1617 peccant,
897 1540 966 1618 qaia
983 1539 1039 1600 hoc
1062 1539 1180 1619 agendo

172 1646 239 1692 cona
261 1628 319 1688 illis
339 1629 372 1687 in
399 1625 508 1685 divinis
531 1626 772 1697 communicant,
800 1624 897 1701 qnod,
920 1625 976 1684 nisi
1005 1624 1082 1685 forte
1107 1640 1179 1684 cum

170 1713 341 1793 grauissimi
362 1711 468 1782 causa,
488 1709 625 1769 illicilum
648 1717 703 1769 ast.
725 1709 756 1768 Si
776 1707 848 1768 uerd
869 1717 1023 1788 postquam
1044 1710 1087 1768 sic
1107 1724 1181 1769 eou-

171 1799 315 1858 taaxerint
340 1814 440 1856 coram
471 1792 600 1873 parocho
624 1793 788 1863 catholico,
811 1794 924 1871 possint
945 1791 1055 1853 iterium
1078 1810 1180 1854 coram

171 1879 307 1944 ministro
330 1887 511 1958 protestante
536 1878 675 1957 conjungi
700 1878 738 1938 ud
762 1878 897 1937 cairande
923 1879 1022 1955 gravia
1049 1879 1179 1951 damna,

171 1966 293 2047 quaestio
315 1972 359 2023 est
371 1985 380 2039 3
392 1963 430 2023 ad
448 1981 537 2041 quom
548 1962 579 2020 S.
593 1963 737 2041 Congaess.
753 1963 919 2042 rospondit,
933 1963 1071 2025 minister
1085 1962 1183 2025 haam

172 2052 246 2114 tiens
273 2048 296 2107 si
319 2049 433 2107 assistat
456 2046 534 2106 hisce
556 2048 773 2115 matrimoniis.
802 2057 836 2107 ut
859 2047 993 2108 minister
1014 2048 1180 2127 politicus,

171 2132 274 2196 tunel
293 2132 441 2193 catholicis
464 2140 615 2210 peccatum
638 2149 699 2192 non
720 2133 936 2207 committitur3
956 2130 1039 2195 secius
1058 2131 1129 2193 verd
1153 2132 1181 2192 si

172 2219 285 2279 assistat
298 2228 331 2278 ut
347 2217 482 2278 minister
492 2217 581 2291 saeris
593 2215 739 2275 addictus.
754 2217 905 2279 itacenset
916 2217 1050 2278 Pontifex
1063 2217 1095 2279 in
1105 2217 1180 2295 Syn.

171 2301 257 2362 dimo.
272 2300 293 2362 l.
308 2304 338 2362 6.
349 2321 375 2362 c.
387 2300 416 2361 a.
432 2317 464 2359 n.
478 2301 508 2360 4.
522 2309 552 2359 et
566 2301 595 2359 a.

212 2385 352 2463 conjugia
366 2380 493 2443 hoerctici
505 2383 695 2462 protestantis
711 2402 779 2444 cum
796 2384 916 2445 loernind
931 2383 1069 2445 haeretiod
1079 2395 1184 2447 cotum

65 2531 74 2547 ,
173 2468 299 2549 parocho
320 2485 379 2527 non
399 2466 541 2527 catholico
560 2467 592 2527 in
608 2469 708 2546 Belgio
721 2468 1069 2531 consmderatocclebratu
1081 2466 1182 2528 valida

174 2554 305 2615 habenda
321 2550 570 2613 anathematum
587 2552 603 2613 a
621 2554 763 2614 Pantilius
783 2553 978 2637 approbatum
995 2553 1085 2615 diat.
1100 2553 1182 2612 llov.

174 2639 260 2699 4744.
276 2637 353 2697 Ball.
368 2639 441 2696 ltem
463 2632 540 2696 valet
559 2637 599 2697 ita
616 2637 708 2711 ,etin
729 2639 765 2698 iis
785 2639 956 2717 regionibus
976 2639 1182 2708 celebratum,

174 2723 197 2782 si
217 2719 372 2782 hacreticus
398 2719 574 2781 catholicam
597 2718 700 2795 ducat,
715 2722 893 2801 quamquam
916 2733 1099 2802 postremum
1122 2720 1185 2782 hoc

174 2807 309 2891 illicitum
330 2805 431 2865 haberi
453 2806 551 2865 dehet.
565 2806 609 2866 lh.
629 2808 764 2886 hlipsum
779 2811 930 2887 reperitur
947 2810 979 2869 in
991 2808 1119 2886 Epistola
1141 2807 1185 2869 nd

174 2892 358 2953 cardinalem
385 2892 498 2949 Ducena
523 2891 736 2953 Eboraeenscm
764 2893 832 2954 dall
854 2893 904 2953 dio
927 2895 946 2953 a
971 2894 1058 2955 Feor.
1089 2892 1183 2953 4749.

175 2978 284 3037 Ballar.
306 2974 381 3035 Vide
397 2983 436 3034 tr.
448 2972 487 3033 de
505 2975 714 3054 Synod.dioec.
727 2978 749 3036 l.
764 2980 793 3041 6.
807 2997 834 3038 c.
847 2980 876 3038 6.
895 2996 928 3039 n.
943 2979 993 3038 ta.

213 3060 330 3140 Nuptiae
347 3060 426 3119 inter
443 3058 619 3119 catholicum
640 3072 671 3122 ct
695 3061 867 3123 haereticum
896 3062 1054 3140 conjugem
1082 3063 1184 3126 molto

176 3144 284 3206 rectiirs
308 3162 368 3207 non
389 3153 459 3204 sunt
484 3142 713 3217 benedicendae,
735 3165 833 3225 nequa
856 3147 942 3207 misso
963 3148 994 3206 in
1023 3149 1186 3225 proaemio

176 3229 302 3289 haeretici
321 3227 509 3302 cclcbranda,
524 3247 578 3288 nec
600 3232 717 3290 tandem
735 3231 875 3291 connubii
897 3233 973 3291 ritus
992 3232 1070 3290 inter
1082 3233 1187 3292 lloclc·

176 3315 226 3374 sisa
235 3312 378 3372 ambitum
387 3312 679 3391 peragendus‚quod
689 3323 719 3374 et
729 3316 854 3375 vetitum
864 3313 1072 3376 luissethem.
1089 3318 1185 3378 VIII.

176 3399 250 3538 cinga
273 3397 489 3458 henedictiones
510 3398 631 3477 quidam
657 3401 801 3460 celerant.
826 3402 870 3460 De
892 3402 964 3478 Syn.
989 3401 1074 3460 dimo.
1097 3396 1118 3459 l.
1150 3403 1184 3460 6.

177 3498 202 3537 c.
241 3483 332 3541 .n.h.
429 3508 433 3515 >

214 3562 398 3624 Matrimonia
418 3567 524 3629 iniant
543 3568 650 3628 Groecis
675 3566 824 3629 catholicis
841 3569 873 3628 in
895 3567 1021 3629 Ecclesia
1039 3564 1181 3631 orientali
