2642 4167
205 207 263 269 570
390 207 419 266 E
418 204 525 287 pilente
536 203 676 267 dochiani
692 202 812 266 moralis
826 205 1012 267 elcononicto

203 314 321 369 tornum
336 349 344 377 ‚
358 306 405 367 vol
417 305 603 376 fraternum,
621 314 656 366 ut
676 322 712 365 cx
734 305 837 366 multis
848 305 1013 380 Ttaatogts.
1028 305 1104 366 lhid.
1116 323 1148 366 ιι.
1160 305 1209 366 10.

202 390 234 456 Si
254 407 292 453 eo
307 398 425 453 mroaat
437 400 481 452 eat
494 388 638 468 proauus
654 389 730 457 loci,
751 390 801 448 uhi
819 399 863 449 eat
876 392 1098 451 monasterium.

241 473 355 537 laautt
374 471 514 535 habentes
531 473 652 535 domurn
670 480 701 533 et
722 471 863 532 familiam
885 474 916 533 in
940 474 995 534 alid
1020 474 1145 552 parce-eid
1165 475 1216 534 dl-

202 557 286 619 rent
301 557 339 619 ab
363 556 398 621 ol
416 601 424 625 .
445 574 536 634 quam
562 556 648 617 hahet
669 556 774 615 domus
799 554 892 624 hcri,
920 557 1082 634 parochum
1108 558 1214 617 matri-

203 641 296 707 monii
326 640 436 705 huhent
461 642 569 708 illum,
596 642 628 701 ln
648 640 706 718 qud
727 648 771 699 cst
794 640 902 700 domus
916 652 947 700 et
970 642 1152 701 familiana
1172 659 1212 702 ex

202 725 318 787 statutis
334 726 405 787 cleri
421 727 542 789 Romani
564 725 637 787 ihid.
652 744 684 784 ιι.
703 726 753 784 20.
779 723 957 800 disponitur.
973 726 1003 784 st
1018 725 1090 786 read
1118 726 1214 785 domi·

202 809 303 871 cilium
322 810 439 871 familiar
456 809 583 871 habeant
599 819 680 869 extra
695 808 798 869 urbem
806 853 817 884 ‚
831 817 861 868 ot
874 809 905 868 lu
921 809 995 870 urhe
1010 810 1209 882 famulatum,

204 902 274 957 tunc
290 911 386 959 coram
402 893 528 973 parocho
545 894 658 955 urbano
672 892 860 953 contrahunt.
883 896 955 954 lost.
972 895 1049 956 Ecel.
1061 897 1111 956 88.
1129 914 1160 956 ιι.
1177 897 1209 956 ll.

240 978 271 1036 Si
292 979 451 1056 Episcopus
477 979 597 1039 matidet
624 977 711 1036 alicui
734 975 882 1054 parocho,
907 988 940 1037 ut
968 979 1082 1043 assistat
1107 980 1212 1039 matri·

203 1060 324 1135 monio,
345 1071 485 1138 reputans
500 1061 579 1125 hunc
592 1080 654 1123 osae
670 1079 774 1122 verum
799 1060 958 1138 parochum
980 1064 1153 1125 alterutrius
1173 1081 1211 1124 ex

202 1143 468 1216 contrahentibus,
491 1156 521 1209 ct
538 1148 561 1206 ai
584 1156 682 1225 postca
703 1146 888 1223 reperiatur,
909 1145 979 1207 rcrd
998 1166 1058 1207 non
1076 1164 1139 1208 esse
1157 1167 1209 1225 pa-

201 1225 326 1289 rochum
344 1230 485 1301 illorum,
511 1229 607 1293 adhuc
632 1241 729 1291 tamen
754 1229 925 1290 mandatum
947 1232 1081 1310 Episcopi
1106 1233 1208 1300 valet,

203 1319 236 1370 ut
248 1330 404 1377 consensus
425 1316 480 1376 iste
496 1316 693 1388 sustineatur,
715 1322 748 1374 ut
772 1314 862 1379 semel
876 1323 905 1383 cl
918 1313 1027 1379 itordm
1042 1316 1172 1384 decisum
1191 1315 1209 1377 l

202 1395 234 1459 S·
259 1399 368 1477 Congo.
388 1400 527 1469 refertur.
553 1402 650 1475 laath.
664 1401 770 1460 Ecclcs.
788 1399 837 1458 88.
854 1418 884 1458 ιι.
904 1400 934 1458 l.

240 1482 462 1544 Matrimonium
484 1486 572 1544 ctiam
594 1485 671 1544 houd
690 1483 748 1542 side
765 1491 947 1554 contractum
963 1500 1062 1547 coram
1079 1486 1210 1563 parocho

201 1565 333 1629 cluairo
355 1575 428 1631 teate
452 1587 512 1645 pon
531 1569 629 1643 valet,
654 1577 689 1627 ut
711 1585 746 1627 cx
766 1567 949 1644 responso&
964 1568 1208 1646 congregationis
1253 1580 1255 1582 ’

201 1652 322 1718 concilii
343 1662 465 1735 oonsmt
492 1656 535 1714 De
555 1656 629 1733 Syn.
646 1654 731 1717 dioec.
752 1652 775 1711 l
800 1654 940 1719 12.ι..5
965 1671 996 1711 ιι.
1021 1654 1050 1714 5.
1064 1654 1209 1715 Vicissim

200 1735 279 1795 valet
308 1730 490 1797 contractum
513 1757 612 1798 coram
638 1738 754 1798 duobus
783 1734 906 1794 tostihus
932 1737 996 1806 aine
1022 1735 1187 1814 parocho
1176 1757 1210 1801 ιιι

200 1818 287 1891 loeo,
309 1822 360 1883 uhi
376 1841 435 1885 non
454 1831 499 1885 est
519 1824 586 1887 uisi
599 1821 775 1905 haereticus,
792 1821 875 1887 relat
889 1830 950 1894 est,
973 1821 1073 1887 illum
1078 1821 1209 1887 ιιιιιιιιιιιι

199 1902 291 1967 libera
311 1915 436 1985 potestas
449 1907 540 1967 deest.
560 1908 635 1975 lbid.

171 1993 174 2001 ’
239 1987 369 2051 Perocho
381 2000 545 2066 presente,
559 1992 597 2050 ita
609 2000 707 2055 tannen
720 1998 756 2051 ut
767 2006 861 2066 neque
870 1988 967 2055 videat
980 1959 1210 2062 aaaaaheaaes,

200 2089 296 2148 ncqtre
315 2073 437 2133 auribus
459 2074 548 2133 rerba
575 2091 682 2151 eorum
712 2072 878 2151 percipiat,
909 2074 1131 2141 matrimonium
1163 2088 1210 2139 eat

200 2156 341 2229 nullum,
362 2156 406 2218 uti
429 2155 584 2227 delinitum
600 2168 644 2219 est
665 2156 727 2217 hs.
747 2158 977 2237 Girpgtegalione
996 2159 1119 2221 Concilii
1139 2171 1211 2238 post

199 2237 325 2319 diligens
344 2260 464 2302 examen
480 2243 510 2302 in
528 2242 618 2305 causd
634 2240 766 2302 Romami
788 2240 836 2307 die
859 2237 993 2307 imortii
1016 2242 1103 2303 1700
1122 2246 1162 2307 At
1183 2265 1210 2307 ιι

200 2323 343 2402 parochus
367 2325 548 2406 affectaverit
565 2344 625 2387 non
649 2323 809 2404 intelliqere
829 2326 917 2389 veiha
946 2325 1209 2411 contrahentium,

200 2408 423 2468 matrimonium
440 2410 538 2470 valore
556 2410 709 2487 respondit
728 2410 786 2469 olio
812 2409 930 2471 decreto
951 2401 1020 2495 anni
1050 2400 1152 2484 itha,
1176 2413 1211 2474 in

199 2493 283 2552 causi
315 2493 586 2573 Ulyssiponcnsis.
615 2495 696 2557 Con
678 2494 821 2589 rogatio.
841 2494 980 2577 DcSpm
993 2493 1096 2563 dioec
1113 2495 1134 2555 l
1155 2498 1209 2558 15.

198 2590 224 2636 c.
252 2578 300 2636 25.
321 2595 358 2647 ιι.
376 2578 406 2645 ll,

223 2661 320 2721 Tune
345 2680 415 2721 vcro
432 2681 493 2723 nou
514 2660 618 2722 audite
646 2659 764 2743 affectat
787 2659 951 2749 parochus,
970 2663 996 2721 sl
1018 2665 1128 2729 inritus
1155 2669 1212 2735 ad-

198 2745 335 2808 lrlhcutuc
355 2747 392 2805 ad
411 2746 576 2807 contraetds
598 2747 842 2815 celebrationem,
868 2755 900 2806 et
917 2747 983 2806 alata
1000 2752 1088 2850 opcrd
1107 2770 1211 2836 neque

198 2831 298 2892 atattro
322 2831 408 2902 vult,
432 2850 529 2911 neque
551 2831 701 2928 percipere
727 2829 793 2890 ιιιιιι
813 2841 911 2895 tamen
931 2830 1013 2899 iacild
1035 2839 1155 2911 posset,
1178 2849 1211 2899 et

200 2926 287 2976 trstcs
308 2915 475 2986 audierint,
499 2926 529 2976 et
550 2913 680 2973 viderint
691 2932 780 3003 ,quae
802 2913 960 2985 superatio
976 2915 1032 2979 luit
1048 2916 1208 2982 decretis.

199 3000 469 3077 congregationis
459 3001 491 3060 ln
518 2998 685 3075 Carthagrn.
713 3001 841 3065 matrina.
867 3017 938 3058 aran.
961 3001 1048 3060 1755.
1075 3001 1127 3072 loti
1149 3023 1210 3093 pro

197 3085 302 3146 similis
323 3084 504 3145 matrimonii
520 3083 679 3143 validitate
694 3083 816 3143 Ibida.
837 3086 881 3143 ll.

235 3165 405 3238 Parochua,
424 3170 471 3227 cui
495 3167 684 3229 interdictum
706 3178 750 3227 est
766 3169 803 3227 ala
826 3168 988 3248 Episcopo,
1004 3170 1048 3229 n'e
1072 3169 1213 3232 interve·

197 3255 258 3315 aiat
287 3253 476 3313 matrimonio
499 3250 723 3321 contrahendo,
748 3251 844 3311 adhuc
873 3262 973 3313 tamen
1016 3273 1075 3313 non
1102 3255 1214 3319 reddit
1292 3319 1294 3325 ,

197 3337 420 3407 matrimonium
440 3336 678 3408 invalidum-lta
694 3353 730 3395 en
749 3336 836 3396 decis.
855 3337 885 3397 8.
906 3339 1049 3414 Congrcg.
1067 3339 1111 3398 lle
1128 3339 1214 3418 Syn,

196 3422 282 3481 dioec.
301 3422 322 3481 ι.
344 3423 391 3481 ta.
407 3440 433 3481 c.
454 3423 503 3482 25.
521 3440 551 3481 n.
575 3421 605 3479 ι.
629 3419 711 3480 ldcm
729 3420 830 3491 dicas,
847 3421 872 3478 ol
888 3422 1061 3483 Ordinariua
1082 3421 1214 3486 tanttim

122 3499 125 3506 '
196 3511 276 3569 rotat
295 3504 406 3567 alcario
434 3501 554 3581 parochi
573 3546 583 3575 ,
605 3520 643 3564 no
670 3504 803 3574 oasiomt,
822 3502 875 3564 ille
902 3513 1004 3567 eontra
1028 3504 1216 3570 mandatum

196 3585 318 3643 assistat.
337 3586 410 3647 ltcm
423 3588 534 3663 pariter
548 3586 743 3662 judicandum
761 3596 826 3659 eal,
847 3589 872 3669 ιι
895 3589 943 3651 vel
961 3586 1129 3669 parochus,
1160 3594 1215 3652 rel
