2642 4167
333 214 336 217 ’
363 208 413 268 Ee
429 204 563 287 operibus
584 205 736 268 Benedicti
752 207 843 268 XIV.
1041 209 1097 268 tto

130 309 301 383 PerochuS,
323 325 423 369 eorem
444 314 503 386 quo
522 308 662 367 celebrari
678 317 774 386 potest
790 307 1014 367 matrimonium
1031 353 1039 378 ‚
1055 316 1099 367 est

94 394 236 471 parochus
250 392 414 463 domicilii,
435 410 495 452 666
512 393 655 470 originis,
670 403 702 450 ut
723 410 758 451 66
771 408 913 452 consensu
924 401 1097 464 auctorum,

95 488 122 539 ct
140 480 273 539 6666668.
290 481 434 556 Congrcg.
455 485 580 535 constat.
593 478 689 536 lustit.
707 477 814 536 Eccles.
838 478 887 535 55.
905 494 937 534 6.
954 477 983 535 6.
999 477 1098 549 Quare

93 564 196 660 siquis
212 561 319 622 haheat
334 562 393 621 duo
411 561 579 621 domicilia'
571 580 602 619 66
622 560 732 638 duplici
748 561 893 639 paroeoia,
914 561 946 619 66
958 561 1101 620 alterutri

93 649 282 708 matrimonio
300 645 386 723 J'ungi
401 654 515 724 potest:
532 653 660 706 attamen
677 644 713 704 ad
734 644 903 705 habendum
923 636 1031 727 duplex
1044 645 1098 704 do·

93 731 234 790 micilium
253 731 437 807 requiritur,
462 730 544 789 66166
565 729 691 807 6166666
710 731 852 806 aequalem
877 722 1028 790 moraliter
1047 728 1100 788 hu·
1149 783 1156 789 .

92 814 265 874 hilarionem
285 812 401 872 habeat.
421 814 701 873 166166166616655.
722 831 753 873 6.
767 816 797 872 6.
810 813 957 873 Paroehus
974 812 1098 883 ruralis,

93 917 152 974 quo
174 900 241 975 quis
260 899 357 976 porgit
378 897 415 957 66
435 896 654 965 rusticandum,
671 916 731 957 non
752 908 797 958 cst
813 907 898 975 aptus
911 897 1099 958 matrimonio

92 982 198 1051 illius,
219 983 270 1058 qui
288 982 328 1040 ihi
351 989 484 1041 moratur
504 982 587 1045 666666
611 983 821 1060 recreationis,
846 981 932 1042 etad
954 981 1099 1042 rusticana

91 1066 231 1143 negotio3
251 1065 290 1124 ita
306 1067 386 1124 enim
405 1064 548 1142 perpetuo
564 1067 678 1125 censuit
696 1068 728 1126 S.
748 1069 892 1144 congreg·
914 1067 958 1126 lh.
979 1084 1010 1127 6.
1030 1067 1060 1125 7.

101 1191 104 1196 ·
131 1165 255 1225 Nullum
268 1174 310 1224 cst
324 1165 547 1223 matrimonium
572 1163 658 1242 ejus,
680 1167 731 1242 qui
749 1165 768 1226 6
791 1167 855 1226 1666
872 1167 1000 1244 proprie
1017 1164 1100 1224 hobi·

92 1250 230 1319 tationis,
250 1267 310 1309 non
331 1255 430 1308 tamen
443 1249 558 1308 deserto
579 1250 621 1308 ibi
645 1248 795 1309 domicilio
806 1252 926 1348 ,pergit
951 1251 988 1309 ad
1009 1249 1100 1308 alium

92 1332 191 1392 locum
214 1335 314 1393 666666
337 1350 368 1392 se
389 1331 622 1429 conjungendi
614 1351 645 1392 66
673 1334 890 1403 matrimonio,
912 1352 973 1394 666
996 1333 1100 1408 666616

94 1434 172 1475 6666
195 1417 364 1488 6666666166,
387 1434 436 1476 seu
454 1418 538 1493 quasi
555 1417 726 1492 domicilio,
744 1419 784 1479 lta
799 1436 836 1478 ex
851 1436 937 1479 sensu
958 1425 1101 1496 perpetuo

92 1504 124 1561 S
134 1504 283 1580 Congrcg.
299 1500 375 1562 lhid
389 1520 421 1560 6.
443 1503 473 1561 8

130 1587 282 1663 vagorum
311 1585 455 1664 parochus
482 1587 578 1664 quoad
602 1588 857 1657 matrimonium,
887 1594 931 1645 est
953 1582 1101 1664 parochus

93 1671 168 1741 loci,
198 1670 250 1729 ubi
272 1679 544 1744 16666666661666Δ
565 1680 599 1731 ut
623 1689 764 1732 exsensu
784 1670 919 1748 plurium
939 1669 1123 1745 'theologo-J

90 1753 379 1815 666611666610.

130 1838 298 1936 Diligenter
319 1848 418 1900 tamea
433 1838 632 1918 distinguendi
645 1847 716 1900 sunt
730 1856 795 1917 6666
787 1838 825 1899 6
838 1836 1016 1917 peregrinis
1028 1838 1101 1917 vagi

89 1931 165 1982 sunt
189 1923 268 1981 enim
270 1911 337 1982 illi
357 1923 437 1999 qui,-
455 1924 559 1983 relicto
585 1924 897 2001 propriodomicilio,
920 1924 1109 2000 aliudque
1132 1950 1134 1953 ’

89 2007 182 2067 sitrici
200 2015 366 2083 vagantum
387 2009 535 2086 peregrini
549 2007 621 2068 verh
640 2009 714 2086 qui
729 2027 789 2071 non
808 2008 926 2069 6616616
932 2008 1099 2082 domicilio,

26 2098 29 2103 ’
89 2090 322 2168 peregrinantur
341 2091 459 2152 alieubi
477 2092 655 2183 1166666666.
681 2094 768 2154 10.
1103 2116 1106 2119 “

131 2187 302 2259 Scholarcs,
323 2189 452 2267 judicos,
473 2168 1108 2273 6666666,616.6666166616666666616166-1
1162 2251 1165 2256 .

89 2275 210 2345 1661661,
233 2275 266 2334 66
279 2275 345 2335 1666
362 2275 493 2352 ejusdem
505 2276 695 2339 habitationis
708 2279 886 2339 contrahunt
903 2280 986 2356 quasi
1006 2279 1102 2357 domi·
1106 2274 1108 2283 ’

89 2360 226 2430 cilium,
250 2359 275 2416 si
296 2359 336 2418 ibi
358 2373 549 2438 permaneant
571 2364 670 2440 aliquo
692 2365 799 2423 666666
826 2372 971 2441 tempore.
997 2365 1041 2425 lta
1063 2381 1099 2423 ex

88 2441 158 2502 DD.
178 2441 301 2502 616666.
319 2444 350 2503 S.
368 2447 475 2524 Congr.
497 2442 572 2506 lbid.
594 2465 625 2505 6.
648 2448 698 2505 11.

128 2540 240 2616 Quoad
265 2544 452 2605 matrimonia
475 2539 600 2615 eorum,
622 2545 674 2622 qui
696 2538 731 2604 in
754 2558 870 2604 6666666
899 2543 1029 2604 adstricti
1049 2543 1101 2619 de·
1181 2592 1188 2602 e

88 2626 252 2699 lineatur,
273 2628 298 2687 si
313 2628 503 2690 detineantur
516 2631 548 2690 66
561 2647 676 2690 earcere
695 2647 731 2689 ex
747 2627 890 2697 sententie
902 2625 1026 2703 judicis,
1041 2630 1102 2689 sive
1135 2661 1137 2665 ·
1169 2672 1171 2674 -

87 2709 278 2789 6666161666
300 2713 498 2790 perpetuum,
521 2716 583 2775 sive
605 2714 641 2775 od
667 2723 781 2773 eertum
805 2720 944 2791 tempus,
967 2722 1102 2790 respectu

88 2792 242 2865 illorum,
262 2794 416 2899 parochus
444 2799 500 2865 1666
524 2799 575 2859 uhi
597 2817 695 2859 666666
715 2798 787 2858 sitos
811 2804 873 2866 est,
899 2805 942 2855 est
960 2797 1104 2874 parochus

88 2878 292 2938 matrimonii
305 2879 336 2938 86
347 2878 418 2943 veri)
433 2882 643 2943 detineantur
635 2902 667 2943 66
678 2900 793 2947 6666666
803 2881 986 2955 6666666666
998 2898 1101 2959 eorum

88 2963 287 3041 expediatur,
311 2973 382 3025 tuuc
410 2967 553 3047 parochus
574 2988 678 3029 eorum
692 2977 736 3028 est
755 2970 828 3038 6166,
844 2967 894 3026 ubi
917 2950 1026 3027 hahent
1048 2966 1110 3029 do·

88 3048 255 3108 micilium.
272 3052 314 3109 116
324 3068 360 3110 ex
376 3052 507 3113 sensus
518 3054 778 3135 congregationis,
800 3063 830 3114 et
841 3055 905 3113 DD
922 3053 996 3112 lbid.
1008 3072 1039 3112 6.
1053 3056 1102 3114 te.

130 3145 284 3208 Paroehus
306 3168 410 3212 corum
418 3157 498 3233 ‚qui
517 3157 640 3234 expositi
662 3163 796 3223 suut,et
812 3155 844 3214 66
865 3152 1001 3230 hospitali
1017 3155 1102 3215 alun-

85 3242 161 3302 tur,
186 3233 285 3311 quoad
301 3240 525 3303 matrimonium
537 3259 598 3302 non
617 3249 662 3300 est
677 3241 843 3318 capellanus
856 3236 987 3314 ejusdem
1005 3237 1104 3318 hospi-

85 3318 190 3390 talis,
220 3320 271 3378 scd
304 3324 471 3400 parochus,
501 3329 553 3387 uhi
571 3327 659 3387 situm
690 3325 966 3404 calmpthout
990 3325 1104 3385 exde-

86 3402 189 3465 cretis
211 3404 242 3462 S·
257 3407 506 3488 congregationis.
527 3411 604 3472 thid·
620 3429 653 3469 6.
669 3411 734 3470 ll.

129 3500 331 3565 Ε666666666
322 3527 353 3568 66
367 3511 544 3572 monasterio
562 3512 700 3588 degentes
719 3507 828 3568 16616661
837 3507 1030 3586 proparoeho
1043 3517 1117 3569 666·’

83 3585 234 3647 1666666666
248 3588 333 3652 illum
348 3637 356 3669 ,
372 3595 402 3655 66
423 3594 506 3674 cajus
517 3597 583 3657 loco
597 3602 640 3656 est
655 3593 837 3655 domicilium
855 3603 936 3670 pater
939 3610 1029 3664 num
1046 3609 1118 3650 ma
