2642 4167
500 293 546 356 Ile
561 291 778 356 occasioncriis.
1113 299 1151 360 tiu

139 398 206 464 heri
229 402 351 479 polest:
370 395 557 474 frequentare
573 403 753 456 sacramenta
769 416 777 455 ε
794 402 824 456 et
847 393 924 474 sapic
945 397 1150 460 commendare

138 503 171 548 ss
191 486 272 559 Deo,
296 481 467 543 renovando
486 480 618 559 quotidie
638 481 814 559 (praesertim
837 479 934 559 mane)
957 490 1026 542 ante
1044 483 1150 563 imagi·

135 586 207 630 nem
221 567 361 628 crucifixi
374 565 558 642 propositum
578 583 637 625 non
651 562 776 642 amplihs
792 564 948 642 peccandi,
963 573 992 624 ct
1004 567 1149 644 quantiam

140 661 185 714 est
205 651 346 731 possibile
365 648 480 709 vitandi
503 649 694 708 occasionem.
718 648 803 708 Ratio
816 694 826 724 ,
855 648 923 727 quia
948 650 1058 709 occasio
1080 670 1148 729 pec-

139 736 227 797 candi
252 753 314 795 non
342 742 386 793 est
412 731 530 810 proprid
554 742 705 811 peccatum
727 730 759 790 in
783 733 898 810 seipsa,
918 749 1015 812 neque
1033 734 1148 796 inducit

138 818 282 901 peccandi
314 817 537 892 necessitatem
571 817 651 875 unde
680 815 757 874 bene
778 816 935 876 consistere
957 826 1050 895 potest
1079 838 1148 881 cum

137 904 291 965 occasione
306 919 395 962 verus
406 900 514 971 dolor,
534 908 563 960 et
576 900 760 977 propositum
774 917 833 958 non
852 900 1021 978 recidendi3
1039 901 1069 962 ct
1081 903 1149 965 licit

94 1027 98 1040 ·
139 989 266 1067 quisque
282 996 417 1047 teneatur
429 984 544 1044 auferre
561 984 732 1063 proximum
755 985 920 1062 periculum
943 987 1097 1065 peccandi,
1115 988 1146 1049 id

139 1072 318 1149 intelligitur
336 1070 404 1131 ciam
424 1069 487 1144 ipse
499 1066 604 1148 sponte
626 1068 691 1128 vult
710 1069 766 1128 talc
789 1070 981 1146 periculum,
1004 1072 1054 1132 scd
1077 1072 1146 1134 ciam

137 1156 251 1219 occasio
266 1163 311 1215 est
332 1153 485 1215 moraliter
500 1154 659 1214 necessaria
671 1197 679 1224 ‚
693 1161 764 1212 tunc
776 1152 940 1230 periculum
954 1173 1008 1233 per
1018 1158 1148 1219 remedia

137 1248 307 1321 opportuna
323 1248 471 1299 remotum
493 1236 607 1309 evadit,
623 1245 653 1296 et
666 1238 744 1296 Deus
757 1246 827 1297 tunc
844 1256 904 1298 non
922 1256 954 1298 se
969 1240 1093 1301 retrahit
1109 1243 1146 1304 ab

135 1324 298 1388 assistendo
327 1325 380 1384 sud
405 1323 498 1401 gratia
522 1324 565 1382 illi
593 1323 645 1399 qui
675 1321 746 1382 rere
769 1321 943 1384 deliberavit
969 1324 1065 1403 ipsum
1086 1345 1147 1389 non

135 1411 299 1474 ollcndcrc.
319 1411 387 1470 Non
407 1408 479 1467 dicit
491 1408 640 1485 Scriptura
662 1405 742 1485 quid
762 1408 870 1485 peribit
883 1408 934 1486 qui
954 1418 997 1469 est
1016 1410 1047 1469 in
1068 1413 1148 1490 peri·

136 1496 221 1565 culo,
239 1493 309 1570 sed,
333 1493 385 1571 qui
406 1500 484 1552 eruat
503 1491 686 1568 periculum3
700 1490 750 1551 sed
772 1493 874 1569 nequit
893 1494 951 1551 dici
973 1512 1071 1555 amare
1095 1513 1148 1572 pe·

21 1645 26 1658 ⁸
134 1579 290 1648 ciculum,
312 1578 363 1655 qui
380 1576 423 1635 illi
444 1575 553 1635 invitus
569 1572 723 1651 subjacet3
743 1576 823 1635 unde
842 1577 940 1653 inquit
956 1579 993 1636 D.
1012 1574 1148 1638 Basilius

136 1659 549 1743 (1n›Corrstit.Mon.c.l.l.·
570 1656 631 1732 Qui
650 1661 770 1740 carpenti
789 1657 895 1739 aliqud
912 1663 1003 1719 coctsd
1013 1705 1024 1736 ‚
1048 1669 1077 1720 et
1095 1678 1147 1721 nc·

134 1745 269 1808 cessitate
290 1763 320 1805 se
339 1743 470 1824 periculo
493 1741 615 1823 objicit,
641 1739 688 1803 ccl
707 1743 853 1822 permittit
871 1759 902 1801 sc
925 1760 985 1804 csse
1011 1742 1045 1803 io
1072 1742 1143 1823 illo,

134 1829 203 1891 caim
222 1836 321 1888 tarraco
340 1824 416 1887 olicis
431 1823 521 1886 crollet
533 1871 542 1896 ‚
556 1844 618 1886 ooo
637 1833 697 1885 tom
717 1824 828 1886 dicitur
846 1844 947 1887 amere
962 1826 1143 1908 periculum,

135 1915 229 1994 qodm
245 1910 358 1973 incitos
379 1908 495 1987 sobirc3
507 1919 534 1970 et
545 1908 609 1972 idco
624 1910 721 1992 inopis
740 1908 905 1991 providebit
928 1914 1010 1976 Deus
1018 1959 1028 1991 ,
1044 1934 1080 1976 aa
1093 1914 1145 1979 itta

171 2004 248 2057 reat.
1059 2011 1061 2016 ·

131 2013 227 2141 petii.
253 2079 327 2140 lline
344 2079 447 2140 dicunt
467 2075 532 2141 DD.
557 2079 632 2141 bend
657 2098 773 2159 capaces
791 2080 984 2143 absolutionis
1010 2102 1072 2146 esso
1093 2087 1145 2166 qui

136 2166 245 2227 nolunt
261 2165 430 2243 relinquere
445 2165 564 2241 aliquod
578 2165 727 2237 odicium,
746 2168 918 2245 negotium,
938 2168 1143 2244 cosdumam,

135 2250 171 2311 in
193 2267 251 2327 qua
270 2250 349 2310 soliti
368 2251 488 2310 suerunt
508 2267 649 2327 peccare,
677 2250 712 2312 eb
738 2250 818 2329 qudd
841 2252 975 2312 descrere
1002 2271 1066 2314 eam
1092 2273 1145 2314 nc·

137 2342 254 2413 queunt
275 2337 338 2395 sinc
367 2336 450 2414 gravi
470 2334 672 2407 detrimento,
696 2354 812 2414 semper
833 2356 867 2396 ac
887 2356 993 2396 verum
1018 2337 1145 2399 habeant

137 2419 324 2497 propositum
339 2435 371 2479 se
394 2420 590 2490 emendandi,
607 2429 637 2480 et
662 2420 759 2479 media
778 2421 921 2499 implendi
943 2420 980 2480 ad
1004 2424 1145 2482 emenda·

137 2503 270 2562 tionem:
283 2503 355 2563 tales
368 2513 438 2563 sunt
453 2521 488 2564 ex
500 2522 545 2581 gr.
560 2503 692 2583 chirurgi
711 2505 761 2581 qui
776 2505 808 2562 in
828 2504 980 2564 medendis
994 2505 1143 2579 foeminis,

134 2595 190 2645 aut
212 2585 332 2665 parochi
354 2589 405 2665 qui
426 2587 457 2647 in
477 2588 653 2665 excipiendis
678 2605 780 2647 carum
804 2586 1050 2661 confessionibus,
1075 2607 1145 2666 pro.

137 2670 214 2748 lapsi
234 2682 329 2744 sunt,
349 2674 374 2731 si
391 2715 400 2743 ‚
419 2670 465 2731 bis
487 2673 660 2750 muneribus
682 2672 816 2741 relictis,
841 2689 901 2729 non
923 2680 1041 2747 possent
1060 2671 1143 2748 juxta

136 2773 228 2817 suum
247 2765 355 2816 statum
374 2758 475 2817 rivere
502 2757 578 2835 (lib.
604 2759 635 2816 o.
660 2774 693 2813 o.
715 2755 784 2812 455.
815 2753 850 2812 io
866 2752 947 2832 fian).
966 2754 1021 2811 Sed
1042 2773 1144 2816 omncs

136 2842 324 2904 conveniunt
331 2843 468 2919 expedire
483 2844 515 2902 in
534 2841 623 2901 biset
643 2838 787 2899 similibus
799 2840 911 2897 casibus
930 2838 1144 2900 absolutionem

134 2924 281 2997 differre,
304 2936 339 2985 uc
362 2929 506 3004 poenitens
528 2927 568 2985 sit
592 2926 696 2986 saltem
724 2924 894 3002 diligentior
913 2923 945 2983 in
968 2925 1145 3002 praescriptis

134 3010 278 3071 remediis
294 3011 482 3089 exequendis.
503 3011 714 3070 Verumtamen
729 3028 783 3087 ego
801 3026 904 3070 censeo
913 3007 922 3085 j
939 3010 1143 3070 confessarium

132 3112 201 3154 non
225 3092 340 3156 tantiam
361 3112 465 3173 posse,
486 3094 642 3154 sedetiam
667 3094 762 3154 tondri
786 3094 823 3153 ad
846 3093 1037 3154 differendam
1060 3094 1144 3154 abso·

131 3178 306 3251 lationem,
330 3197 446 3258 scmpcr
466 3197 499 3238 ac
517 3177 671 3239 commode
690 3178 810 3239 differre
835 3186 952 3256 potest,
980 3179 1144 3255 prasertim

131 3259 207 3322 ciam
232 3263 330 3340 agitur
347 3263 384 3323 de
404 3263 526 3323 materia
550 3265 653 3341 turpi3
672 3268 790 3323 tenetur
808 3264 888 3321 enim
908 3264 971 3340 ipse
993 3271 1143 3338 tamquam

131 3344 270 3406 medicus
284 3347 452 3407 animarum
474 3347 687 3426 opportuniora
708 3348 854 3425 applicare
866 3347 1016 3421 remedia3
1031 3355 1060 3405 ct
1072 3356 1144 3423 puto

29 3425 31 3440 '
131 3430 305 3491 remedium
324 3432 418 3510 magis
434 3430 573 3491 idoneum
587 3449 647 3491 non
659 3432 787 3491 inveniri
803 3449 858 3508 pro
880 3447 914 3488 eo
932 3430 983 3507 qui
999 3441 1097 3490 manet
1112 3431 1144 3491 in

133 3514 291 3576 occasione
316 3518 473 3595 proxima,
498 3514 587 3593 quam
611 3514 731 3574 differre
760 3514 786 3573 ci
813 3513 1046 3585 absolutionem,
1071 3511 1144 3575 dum

131 3599 322 3676 experientia
342 3601 430 3660 nimis
446 3609 526 3679 patet
544 3599 623 3677 qudd
647 3601 747 3677 plures
769 3605 835 3677 post
859 3597 1074 3658 absolutionem
1096 3616 1145 3657 ac·

130 3687 253 3761 ceptam
286 3683 440 3763 negligunt
467 3685 760 3763 media'prcascripta
783 3683 911 3762 exequi,
933 3690 963 3742 ct
990 3682 1032 3742 sic
1062 3678 1145 3742 lacild
