2642 4167
437 223 860 312 aeternaitatem.
979 229 981 232 ’
1093 230 1152 295 roo

146 347 219 396 nom
245 328 404 402 sonitum,
425 328 477 407 qui
499 329 615 405 semper
634 327 737 399 adest,
756 326 824 389 edm
845 326 934 390 verba
961 326 1152 406 proferuntur

76 450 81 454 ‚
145 414 208 496 (lib.
226 403 261 477 b.
278 432 310 475 re.
335 411 429 491 toti.
450 408 599 474 tremisse
614 410 739 471 recitans
760 411 791 471 in
813 409 904 472 choro
920 410 995 472 bend
1014 412 1153 474 satisfacit

146 499 228 580 (ibid.
241 516 272 559 o.
287 498 336 560 Aa
345 495 474 571 uotemla
490 494 539 555 sed
550 511 619 554 non
638 495 794 579 canonicus
807 539 815 567 ‚
829 497 885 573 qui.
895 503 1013 556 tenetur
1026 514 1150 568 canere,

144 582 225 661 juxta
241 582 317 642 dicta
330 576 527 657 rt.68.infia.
543 578 686 638 Recitauti
711 588 810 639 autem
830 580 862 638 in
886 577 976 639 choro
997 579 1104 639 sufficit
1125 580 1151 639 si

146 665 244 727 audias
256 666 380 726 alteram
401 672 515 742 partem
536 661 568 721 in
588 663 728 731 confuso,
743 664 791 723 vel
807 660 923 725 tantiam
941 682 1034 723 onom
1052 681 1088 723 ex
1105 681 1149 723 ea.

146 749 222 825 Quid
236 748 261 807 si
277 766 337 809 non
348 747 417 807 satis
427 746 552 825 percipis
563 745 594 804 in
605 745 726 804 materia
741 745 863 805 notabili
880 746 1001 807 alteram
1017 755 1149 825 partem,

122 833 399 909 -propterculpam
426 829 528 901 chori,
549 836 600 888 aut
621 828 719 888 socii?
741 830 790 888 alii
811 829 914 889 dicunt
936 829 1016 907 qood
1043 830 1152 889 teneris

145 925 278 994 repetere
293 934 355 976 uon
377 914 521 975 auditum.
541 913 597 973 dlii
625 913 723 989 plures
747 923 876 992 negant,
896 915 964 992 quia
985 914 1151 992 peripsam

144 1000 332 1076 'meletatem‚
358 1007 388 1059 et
409 997 730 1075 tuam-applicationem
748 999 898 1058 moraliter
908 998 969 1074 jam
986 998 1152 1078 communi·

145 1100 212 1158 cus3
230 1084 272 1144 ita
285 1101 344 1143 non
359 1081 594 1161 improbabiliter
603 1081 663 1151 So,
687 1080 806 1161 MoJor,
833 1083 925 1141 Rooc.
937 1078 1039 1153 nitet,
1055 1077 1148 1141 Soloe.

146 1164 252 1227 Petita.
270 1164 364 1228 mli.
380 1175 409 1226 et
428 1166 478 1224 alii
492 1163 568 1242 (Lib.
584 1166 611 1223 b.
626 1183 659 1223 o.
675 1166 742 1224 165.
760 1164 818 1238 Qu.
834 1163 905 1243 11.t.
916 1164 1028 1224 Surdus
1051 1175 1150 1225 autem

145 1266 205 1310 non
223 1250 361 1310 satisfacit
376 1293 384 1321 ,
404 1247 548 1327 quidquid
562 1248 611 1306 alii
624 1247 731 1307 dicant.
752 1245 840 1308 Sectis
853 1248 923 1309 verb
943 1247 1098 1308 dicendum
1113 1247 1150 1307 do

145 1332 317 1404 surdastro,
336 1333 361 1393 si
376 1329 475 1392 audiat
485 1331 587 1390 saltem
602 1331 633 1390 in
646 1331 766 1390 confuso
776 1327 809 1407 (i.
821 1348 845 1390 6.
855 1350 888 1392 o.
904 1331 971 1392 165.
991 1329 1147 1408 966111).

185 1417 237 1477 71.
253 1446 290 1462 -
309 1418 362 1477 lll.
376 1413 586 1476 Pronuntietr’o
600 1415 729 1495 inlapsu,
741 1414 771 1474 id
785 1424 848 1484 est,
867 1416 930 1474 sine
944 1416 1148 1484 mutilatione,

147 1500 474 1579 quisensusverborum
485 1499 653 1559 notabiliter
661 1500 889 1559 varietur.Valet
898 1508 995 1558 tameo
1008 1497 1148 1581 olliciumt

145 1586 170 1645 si
180 1585 276 1663 aliqua
294 1585 397 1645 saltem
417 1583 734 1660 servetur'signlilcatio
747 1583 908 1642 verborum
926 1578 959 1658 (l.
972 1599 996 1640 c.
1009 1598 1041 1639 o.
1057 1577 1148 1656 lto).

184 1669 235 1728 tv.
250 1666 461 1729 Pronuntiotio
473 1666 649 1728 continuata
662 1709 670 1735 ‚
684 1666 795 1739 seilicet
807 1666 870 1724 sine
885 1664 1101 1740 interruptione
1116 1663 1148 1723 iu

146 1752 275 1829 qualibet
292 1751 364 1811 hora
376 1797 385 1827 ,
399 1771 466 1829 quaa
484 1761 581 1810 autem
599 1750 777 1826 interruptio
802 1747 915 1808 inducit
937 1748 1072 1817 veniale,
1093 1746 1149 1807 uisi

145 1835 239 1914 aliqua
251 1846 368 1897 excuset
385 1854 469 1896 causo
487 1834 532 1913 (o.
550 1833 642 1910 166).
662 1834 840 1893 Matutinum
855 1842 954 1892 autem
976 1832 1064 1893 etiam
1086 1831 1150 1892 sino

144 1938 228 1979 causa
241 1920 362 1998 potesta
378 1919 524 1980 laudibus
537 1917 663 1996 separari
676 1963 686 1994 ,
701 1927 732 1977 et
749 1918 790 1976 sic
803 1917 914 1995 pariter
927 1927 985 1977 tres
992 1916 1150 1991 Nocturni,

51 2046 56 2054 .
143 2004 246 2065 saltem
256 2022 310 2083 per
320 2013 378 2065 tres
387 2003 474 2064 horas
486 1998 520 2080 (l.
532 2021 557 2062 6.
570 2021 603 2061 ra.
613 2001 705 2081 leot.
715 2001 799 2061 Facta
809 2011 907 2062 tamen
916 2003 1148 2081 interruptione,

145 2087 240 2149 adlruc
254 2088 413 2166 culpabili,
432 2085 615 2165 probabilirls
640 2105 702 2147 non
728 2086 836 2147 teutria
861 2085 964 2148 boram
994 2097 1148 2165 repetere,

144 2169 214 2231 erim
241 2173 366 2251 quilibet
389 2172 572 2233 Psalmorom
594 2187 695 2232 versos
722 2184 806 2233 suam
826 2169 933 2234 babeat
957 2172 1147 2253 significatio·

145 2272 215 2315 nem
226 2254 260 2335 (1.
273 2275 299 2316 6.
315 2276 348 2316 re.
359 2255 452 2334 teet.

184 2340 223 2399 V.
247 2342 400 2401 Horarum
420 2338 527 2412 Ordo,
552 2340 662 2402 scilicet
695 2358 733 2406 ne
757 2343 932 2402 invertatur.
951 2340 1081 2401 inversio
1100 2347 1147 2401 ta·

144 2439 216 2482 men
235 2441 295 2492 non
322 2424 377 2483 crit
408 2423 464 2483 nisi
488 2424 636 2495 venialia,
664 2426 777 2484 etiamsi
813 2426 866 2485 liat
893 2425 1089 2501 frequentem
1119 2431 1149 2485 et

143 2506 235 2565 ctiam
255 2508 286 2567 io
302 2505 412 2577 choro,
433 2516 468 2567 ut
485 2505 667 2585 probabilius
689 2507 774 2583 ajunt
792 2505 884 2586 cajet.
899 2507 1031 2568 Govaot.
1042 2509 1147 2585 Lepre.

142 2587 254 2649 Sonclr.
275 2592 389 2650 Bonae.
409 2596 462 2650 etc.
482 2587 517 2669 (1.
539 2608 565 2668 c.
584 2609 617 2651 rr.
637 2592 707 2649 176.
723 2589 857 2665 61171).
877 2590 1030 2650 Celebrare
1051 2601 1150 2651 antem

106 2682 110 2687 ’
143 2673 264 2731 missam
283 2682 352 2734 ante
370 2674 547 2734 Matutinom
561 2670 743 2752 probabilids
765 2681 795 2731 et
815 2671 999 2747 communitis
1024 2691 1083 2732 non
1106 2683 1150 2735 est

143 2754 202 2813 nisi
219 2756 332 2820 veniale
356 2773 422 2816 cum
449 2759 529 2818 Lesa.
556 2760 688 2836 Castrop.
718 2756 803 2815 Corte.
829 2758 940 2815 Touro-
968 2756 1029 2816 Sol.
1058 2754 1148 2818 Tolet.

142 2833 288 2899 Bellona.
309 2838 398 2902 croix
412 2883 420 2911 ‚
436 2840 529 2902 Soita.
550 2847 579 2900 et
595 2837 665 2900 aliis
678 2835 814 2921 pluribus
826 2836 914 2915 (Vide
926 2834 946 2897 1.
967 2840 997 2897 6.
1012 2857 1044 2898 o.
1057 2840 1148 2919 517).

183 2921 234 2981 Vl.
254 2927 379 3003 Tempus
402 2924 570 3005 prefixum.
585 2926 713 3001 Tempus
730 2924 867 2983 Matutini
890 2922 992 3001 incipit
1015 2924 1052 2987 ab
1077 2922 1149 2985 hora

142 3020 332 3082 vesperarum
347 3008 405 3068 diei
417 3008 614 3069 antecedentis
628 3025 721 3087 osque
733 3007 769 3067 ad
781 3007 934 3068 meridiem
944 3007 1149 3086 subsequentis

141 3084 384 3170 (l.o.a.1to.).
406 3092 498 3171 idque
519 3092 710 3170 probabiliter
730 3092 863 3170 procedit
886 3093 974 3152 etiam
995 3092 1032 3152 de
1052 3093 1148 3156 officio

104 3187 109 3196 ’
139 3172 367 3247 detunctorum,
385 3184 466 3237 extra
486 3186 585 3236 tamen
605 3176 730 3238 chorum
747 3174 804 3255 (lt.
827 3177 883 3251 Qu.
897 3177 932 3236 11
937 3176 969 3253 .).
989 3178 1026 3235 Et
1042 3176 1079 3237 de
1093 3176 1148 3239 boc

138 3253 224 3316 adeat
243 3259 332 3318 etiam
350 3259 503 3321 dccretom
522 3262 600 3320 Sacr.
627 3262 736 3339 Congo.
761 3262 883 3320 Rituom
909 3259 986 3338 apud
1013 3261 1148 3322 Ferraria

137 3334 287 3400 Bibliotla.
307 3340 384 3404 verb.
404 3343 542 3403 Litaoice.
559 3345 625 3404 Non
642 3344 721 3403 idem
734 3344 948 3404 currit‘autem
969 3342 1006 3402 de
1028 3345 1148 3403 Litaniis

137 3418 200 3498 (16.
217 3423 274 3496 Qu.
290 3424 379 3502 HI.)-
393 3426 439 3486 Ao
458 3430 556 3485 autem
577 3425 733 3485 satisfaciat
755 3425 854 3485 dicens
878 3426 1055 3485 Matutinum
1074 3424 1147 3487 bord

11 3524 17 3578 ³.
134 3505 268 3563 secundi
286 3515 352 3583 post
362 3508 539 3567 meridiem?
551 3509 608 3568 alii
622 3507 790 3582 affirmant,
807 3515 840 3567 ut
854 3504 948 3569 Salat.
961 3525 1026 3568 coro
1038 3504 1146 3571 Sorech.

140 3582 242 3732 Tnill.
253 3587 448 3736 ethdimndo
469 3590 501 3653 id
518 3589 607 3653 bodie
628 3590 761 3670 permitti
775 3606 810 3652 oa
824 3591 1034 3737 eonsooto2dgne
1052 3593 1148 3653 iatro-

208 3688 267 3733 om.
334 3713 343 3734 .
753 3709 758 3740 t
