2642 4167
119 213 220 275 ‘too
296 254 300 262 ,
430 210 543 272 Procris
563 208 745 290 consectarii.
763 210 877 290 Capit.

156 310 318 374 taciendam
343 311 509 374 orationem
531 312 716 393 mentalem,
742 308 852 369 scilicet
873 308 911 368 ad
937 310 1160 373 meditationem

157 398 315 457 veritatum
330 406 510 456 aeternarum
524 437 533 467 ‚
547 404 577 454 et
592 394 733 454 bonitatis
745 393 863 454 divinar.
876 396 911 453 tn
922 396 1054 470 quamvis
1064 414 1163 457 neces·

156 480 231 541 saria
252 497 312 540 uon
329 481 368 540 sit
384 479 421 538 ad
442 486 582 538 aeternam
600 478 726 536 salutem
746 477 998 554 consequendam,
1021 479 1097 540 sicut
1116 488 1163 540 est

156 564 314 624 necessaria
328 563 454 642 petitio3
471 559 796 622 nihilomindsvidetur
810 560 895 621 valde
915 563 1074 622 necessaria
1095 566 1162 625 ani·

155 649 260 707 mabus
272 692 280 716 ,
293 657 327 708 ut
350 650 381 707 in
403 649 454 706 Dei
479 647 572 726 gratia
590 651 789 724 perseverent.
807 648 881 706 Cum
906 647 1028 724 reliquis
1046 649 1163 725 pictatis

157 734 294 812 operibus
310 742 407 812 potest
420 740 572 811 peccatum
585 732 764 805 consistere,
777 730 828 790 sed
840 749 900 790 non
910 731 1163 809 possuntcohabi-

155 826 218 878 tare
237 819 348 888 oratio,
374 824 406 876 et
435 821 596 893 peceatum.
615 815 722 875 Anima
741 823 793 873 aut
814 815 961 892 relinquet
974 816 1161 891 orationem,

155 911 207 962 aut
228 910 390 981 peccatum.
411 899 533 959 Dicebat
551 900 581 957 S.
603 896 741 959 Therasia
763 897 944 971 adriacum,
958 916 1024 977 quoe
1043 899 1077 960 t‘n
1092 919 1163 961 ora·

157 983 233 1045 tione
242 965 428 1066 perseverat,
442 989 585 1061 quotquot
596 977 643 1040 iili
656 988 774 1061 peccata
784 978 1077 1060 opponatdiaboius,
1093 992 1163 1044 tan·
1237 1017 1242 1025 ·

71 1080 76 1089 ·
153 1065 285 1148 dampno
299 1076 375 1130 certe
390 1065 480 1127 babeo
501 1063 581 1143 quoti
598 1082 664 1124 eam
684 1064 830 1125 Dratinus
852 1063 893 1124 ad
913 1063 1020 1125 salutis
1040 1075 1162 1146 portum

154 1150 301 1211 ccttducet.
314 1154 350 1212 Et
360 1149 426 1211 ideo
439 1148 573 1209 diabolus
583 1150 702 1208 nulium
712 1148 793 1207 aliud
802 1149 974 1208 exercitium
985 1158 1044 1209 tam
1053 1153 1162 1228 quaerit

153 1236 321 1315 impedire,
346 1235 435 1314 qnam
462 1233 537 1294 iilud
559 1234 702 1294 orationis
714 1279 724 1309 ,
743 1234 885 1311 quoniam
902 1276 911 1303 ,
931 1234 1029 1312 inquit
1057 1236 1161 1296 eadem

155 1323 280 1381 Sancta:
297 1323 390 1384 Novit·
405 1319 520 1381 datram
544 1317 626 1397 quiid
643 1320 717 1379 certe
735 1317 850 1378 arrrittet
864 1320 997 1379 ortianum
1014 1337 1081 1398 qum
1090 1339 1184 1402 per,

154 1413 320 1466 severunter
336 1403 480 1466 irarumbit
502 1403 643 1464 orationi.
666 1405 809 1461 Praeterea
832 1403 912 1461 solus
934 1421 1019 1463 amar
1044 1406 1160 1482 estqui

155 1490 283 1550 aninaam
300 1492 361 1550 Dea
376 1488 477 1567 jungit
495 1496 525 1548 et
538 1489 677 1565 stringit3
695 1486 746 1547 sed
759 1487 973 1565 fornaxinqua
994 1490 1163 1551 accenditur

153 1572 272 1634 ssanrma
287 1575 381 1634 divini
402 1576 565 1633 amorisest
580 1573 694 1643 oratio,
715 1589 767 1630 seu
788 1571 963 1632 meditatioz
983 1575 1023 1633 Iu
1036 1572 1162 1634 inedita-

155 1658 232 1718 tione
246 1675 309 1716 urea
322 1655 487 1716 exardescet
503 1654 593 1737 iqnis.
609 1658 654 1714 Ps.
672 1656 719 1715 58.
732 1657 763 1713 d.
966 1702 972 1716 .

193 1741 399 1821 123.1neipiat
414 1758 484 1819 ergo
505 1740 698 1806 confessarius
715 1737 903 1803 introducere
912 1738 1040 1799 animam
1055 1740 1088 1801 in
1098 1759 1161 1801 ora·

154 1827 277 1887 tionem.
292 1827 337 1885 Ab
350 1827 435 1885 initio
457 1844 518 1887 non
536 1827 603 1905 plus
622 1825 710 1903 quam
729 1825 834 1889 mediae
851 1823 931 1884 horae
947 1827 1074 1904 spatium
1088 1829 1161 1886 assi·

153 1920 222 1986 gnet
236 1953 244 1979 ,
258 1910 337 1986 quod
355 1908 463 1968 deinde
478 1919 626 1969 crescente
642 1911 751 1988 spiritu
764 1952 772 1981 ,
785 1907 853 1987 picis
873 1906 1008 1969 minusve
1027 1910 1158 1988 augebit.

152 1996 255 2070 Neque
278 1993 397 2053 desistat
421 2011 457 2051 ex
472 2011 507 2052 eo
521 1993 600 2071 quod
622 1994 769 2072 poenitens
788 1993 990 2052 difficultatem
1016 1992 1157 2066 adducit,

153 2075 232 2153 qudd
250 2076 325 2136 desit
345 2075 401 2137 sibi
420 2085 557 2155 tempus,
578 2085 608 2136 ct
630 2078 711 2137 locus
729 2077 767 2137 ad
790 2095 821 2136 se
844 2076 1041 2155 colligendum
1062 2098 1069 2135 ε
1097 2077 1158 2138 imit

152 2159 284 2236 imponat
300 2161 345 2232 ei,
368 2170 403 2222 ut
425 2162 526 2220 saltem
542 2156 646 2230 mane,
671 2161 717 2221 rel
734 2178 873 2238 vespere,
892 2160 1009 2236 quando
1023 2162 1055 2220 in
1068 2160 1160 2221 domo

153 2243 247 2319 riiajar
270 2253 315 2303 est
336 2246 440 2322 quies,
459 2245 612 2304 ueletiam
632 2246 664 2304 in
684 2245 754 2325 ipsis
776 2245 1015 2323 occupationibus
1028 2244 1159 2322 (quando

152 2329 232 2389 aliud
248 2349 307 2389 non
321 2341 417 2410 posset
436 2330 562 2411 efficere)
573 2331 839 2392 elevetidentidem
854 2340 984 2390 mentem
995 2330 1031 2389 ed
1049 2333 1155 2405 Deum,

151 2418 181 2471 ct
196 2413 355 2474 meditetur
368 2415 506 2475 veritates
519 2415 587 2476 iidei
595 2440 608 2494 ,-
623 2425 656 2476 ut
674 2423 744 2475 sunt
757 2417 915 2475 novissima
927 2459 936 2487 ,
946 2431 1075 2492 quorum
1084 2418 1158 2494 cogi·

150 2498 240 2572 tatio,
259 2508 289 2558 et
304 2497 451 2578 praecipue
470 2500 592 2577 martis,
606 2511 649 2561 est
666 2502 770 2561 utilior
791 2519 846 2580 pro
863 2498 1081 2577 incipientibus.
1095 2502 1158 2560 Mc·

151 2580 263 2641 ditetur
276 2601 394 2661 qnoque
406 2582 514 2644 Christi
527 2586 710 2661 passionem,
723 2604 789 2663 quae
800 2584 950 2643 meditatio
962 2592 1006 2643 est
1018 2583 1156 2643 omnibus

151 2665 309 2726 fructuosa.
323 2667 354 2726 Si
369 2665 440 2727 verb
454 2671 599 2746 poenitens
617 2687 678 2729 non
700 2669 739 2729 sit
761 2669 931 2728 litterarum
944 2666 1048 2740 rudis,
1067 2686 1157 2747 expe·

120 2791 126 2797 -
151 2750 234 2810 diens
255 2758 317 2822 cst,
343 2760 376 2809 ut
396 2759 497 2810 utatur
513 2754 612 2831 aliquo
635 2752 713 2812 libro
733 2751 897 2830 spirituali,
916 2768 975 2828 quo
993 2750 1084 2829 magis
1103 2752 1155 2810 ba·

151 2834 218 2894 beat
230 2834 393 2910 ingressum
409 2834 439 2892 in
455 2838 618 2898 orationem
633 2880 642 2910 ,
659 2836 910 2915 quemadmodum
934 2835 1028 2893 faeere
1044 2834 1155 2896 solebat

149 2920 182 2980 S.
202 2917 348 2979 Tberesiu.
370 2918 487 2978 Maneat
501 2940 637 2998 quoquc,
654 2933 687 2981 ut
700 2922 804 2999 seligat
822 2919 977 2980 materiem
997 2920 1097 2991 iilam,
1121 2921 1153 2980 iu

149 3023 206 3083 qua
219 3005 315 3063 anima
330 3001 472 3079 majorem
488 3008 639 3084 experitur
648 3007 856 3086 devotionem,
870 3014 900 3064 et
912 3048 920 3079 ,
932 3005 963 3064 in
984 3005 1021 3064 iis
1034 3004 1105 3064 loeis
1120 3006 1152 3066 io

149 3088 257 3167 quibus
271 3086 375 3146 anima
398 3106 429 3148 se
449 3087 653 3150 vehementius
672 3091 747 3151 affici
768 3093 880 3162 sentit,
896 3099 927 3150 et
945 3089 1147 3161 commoveri,

149 3182 282 3232 rueretur
298 3172 483 3249 aliquantum
495 3216 503 3246 ,
517 3182 547 3233 et
561 3220 568 3246 ,
581 3175 681 3234 relicui
693 3176 905 3249 meditatione,
920 3183 1011 3234 totam
1026 3191 1058 3233 se
1069 3191 1154 3233 excr-

150 3264 213 3316 eeat
231 3256 262 3314 in
276 3257 388 3317 actibus
402 3258 578 3329 voluntatis,
595 3260 643 3319 vei
654 3261 806 3319 incumbat
815 3261 951 3338 petitioni
964 3301 973 3328 ,
987 3265 1038 3317 aut
1050 3258 1155 3319 iacien-

116 3356 122 3367 ·
149 3337 195 3398 dis
216 3340 381 3416 propositis.
399 3341 471 3400 Dico
482 3343 510 3401 i.
529 3359 560 3401 se
573 3353 705 3402 exerceat
722 3344 753 3401 io
765 3341 911 3421 faciendis
925 3340 1054 3412 aetibttr,
1072 3341 1153 3400 seili-

150 3429 196 3480 cet
209 3419 401 3500 humilitatis,
415 3426 537 3485 actionis
548 3429 728 3504 gratiarum,
742 3428 830 3500 fidei,
849 3429 931 3505 spei,
945 3435 975 3485 et
989 3425 1152 3504 praesertim

151 3503 182 3559 in
195 3505 360 3576 repetendis
378 3509 491 3567 actibus
515 3512 725 3583 contritionis,
745 3523 775 3572 et
785 3511 935 3572 charitatis
954 3527 1023 3587 erga
1035 3511 1151 3578 Deum,

151 3580 300 3643 offerendo
314 3603 345 3644 sc
366 3588 409 3646 iiii
425 3599 536 3666 totam,
561 3600 712 3674 totamque
727 3614 787 3658 sua
800 3595 987 3657 sanctissimae
1007 3592 1153 3673 voluntati
