2642 4167
257 184 261 191 ι
327 220 354 300 S.
370 221 421 283 ill.
440 219 555 282 Matina
571 217 688 298 caprulis
703 218 895 299 reapparente.
1053 222 1110 283 ltt
1271 1 1282 291 Ῐ

114 319 165 385 Sed
184 340 221 383 ae
238 319 373 392 risibiles,
391 318 464 399 qtcia
478 323 581 392 Deae,
600 317 654 400 qai
668 315 804 378 volatilia
815 319 936 461 pascit,
950 337 1010 381 nott
1025 321 1113 382 ornit-

114 414 149 468 tct
165 405 206 468 eia
219 404 382 488 providere.
398 405 432 464 Si
446 412 478 463 la
494 400 567 479 ilios
577 420 682 474 amas,
697 404 779 463 Deae
793 421 814 483 p
827 403 863 463 ite
879 411 904 463 te
915 401 1023 484 diligit.

147 508 212 568 vlt.
226 502 373 567 Adversis
394 503 587 585 tentationem
611 501 719 587 odiiet
736 502 881 565 vindicta.
902 506 932 565 Si
953 507 1019 583 quis
1041 525 1111 584 pro·

113 601 174 672 pler
187 591 316 668 aliquam
334 598 481 667 acceptam
501 588 642 648 offensam
665 586 734 645 odio
753 597 891 661 tenetur,
915 591 945 649 l.
970 590 1024 668 ipsi
1041 592 1113 652 inti·

112 685 206 739 metor
217 675 353 735 divinum
366 681 546 751 praeceptum
559 694 566 731 ε
579 668 703 751 Dilipite
715 671 849 735 im‘aaicae
858 682 979 735 cestros.
989 676 1018 733 2.
1033 676 1114 735 Dica-

112 771 159 821 tur
177 760 205 820 ei
222 757 303 837 quod
319 758 370 834 qui
389 774 448 814 non
475 756 619 827 dimittit,
638 773 692 815 nec
717 757 833 817 reniam
852 775 972 838 sperare
987 758 1114 836 possita

112 845 188 915 Deo,
211 843 264 920 qul
282 841 374 901 dicit:
390 838 477 900 Foris
489 857 592 914 canes,
614 835 736 918 Apocal.
760 842 810 902 22.
827 844 876 902 lb.
894 845 985 902 Canes
1006 842 1116 919 (vindi-

112 944 176 989 cum
192 922 373 1004 symbolum)
386 924 573 1003 repelluntur
589 922 605 982 i
619 924 703 984 caelo.
718 926 891 986 Econrecsa
906 928 984 986 Deus
997 927 1115 989 reniam

110 1020 217 1074 certam
236 1008 389 1086 promittit
408 1008 451 1067 illi
478 1007 648 1084 peccatori,
679 1008 730 1084 qui
755 1010 871 1068 veniam
898 1009 950 1069 dat
975 1009 1114 1072 allensori
1163 1042 1177 1058 ·

111 1113 178 1165 suo,
191 1112 227 1153 ex
239 1094 310 1152 illo:
326 1090 492 1162 Dimittitc,
505 1099 533 1150 et
542 1088 742 1150 dimittemini.
756 1093 827 1152 Lae.
842 1095 870 1153 6.
886 1095 935 1153 57.
947 1094 977 1153 5.
990 1094 1115 1166 Suada,

113 1177 190 1258 qudd
210 1178 235 1237 si
250 1175 389 1236 iuimicus
401 1172 510 1250 injustia
529 1174 637 1232 laeserit
649 1174 745 1251 ipsum
757 1219 766 1246 ‚
782 1175 894 1253 quantd
905 1175 1042 1254 injustitis
1054 1178 1116 1257 ipse

111 1265 229 1325 Deum?
248 1257 472 1333 Quamobrem,
489 1257 513 1316 si
538 1258 601 1335 ipse
622 1259 696 1334 petit
720 1257 736 1317 i
758 1260 820 1319 Deo
836 1269 870 1320 ut
889 1261 944 1320 sibi
961 1261 1115 1340 ignoscat,

112 1343 221 1426 quantb
233 1343 325 1420 magis
341 1342 476 1420 proxima
488 1342 551 1419 ipse
561 1341 829 1418 ignosceredebetl
838 1344 922 1404 Sicat
933 1345 1117 1408 cinomiam

111 1428 233 1491 donauit
245 1426 327 1489 cobis
336 1470 347 1501 ,
366 1427 411 1486 ita
426 1432 455 1484 ct
466 1441 527 1485 voc.
545 1422 606 1484 Col.
624 1427 653 1485 5.
667 1427 714 1484 tt.
735 1425 847 1488 Ultimd
861 1428 993 1487 ostendat
1006 1429 1115 1499 eidem,

112 1513 197 1592 quim
207 1517 394 1590 gratcmrcm
408 1510 470 1568 Deo
480 1505 614 1567 exhibeat
625 1552 633 1579 ,
646 1509 970 1586 quiinjuriasdimlttit.
982 1511 1012 1570 S.
1026 1511 1117 1570 Joca-

111 1614 160 1658 aee
170 1591 370 1664 Gaalbertar,
388 1602 543 1671 postquam
561 1591 720 1652 fratricidae
735 1592 887 1671 pepercit,
902 1592 1058 1652 Ecclesiam
1070 1593 1118 1653 in-

45 1672 55 1678 *
111 1681 245 1760 grediens
260 1724 268 1752 ,
283 1678 502 1756 imaginemque
517 1676 655 1736 crucifixi
679 1678 827 1745 salutans,
849 1675 924 1735 vidit
939 1676 1118 1754 Redempto-

111 1785 174 1826 rem
198 1782 269 1841 erga
290 1757 321 1822 se
340 1769 428 1839 caput
450 1759 622 1828 inclinasse,
643 1778 678 1819 ac
698 1760 724 1820 si
738 1768 860 1836 propter
884 1761 1000 1820 veniam
1018 1760 1117 1821 datam

112 1851 166 1929 ipsi
183 1849 293 1928 gratias
311 1854 420 1925 ageret.
435 1845 562 1904 Sanctae
573 1842 702 1904 lacobus
715 1854 783 1902 ante
796 1848 922 1903 mortam
936 1845 1118 1923 amplexatus

113 1944 155 1996 est
167 1952 239 1993 cum
260 1931 310 2009 qui
323 1947 354 1990 sc
365 1936 559 1988 accusaverat.
574 1930 700 1988 Sanctae
713 1925 879 2006 Stephanus
894 1931 988 1989 oravit
1000 1947 1056 2009 pro
1074 1928 1117 1990 eis

112 2019 160 2095 qui
185 2034 256 2076 eum
279 2013 456 2093 lapidabant.
469 2013 594 2072 Sacratae
611 2011 775 2072 ladovicus
793 2012 893 2072 Gallim
916 2031 970 2074 rex
985 2013 1062 2092 apud
1084 2031 1117 2074 se

111 2118 227 2161 cmnare
241 2099 311 2158 lecit
329 2097 411 2156 hunc
434 2096 486 2172 qui
509 2095 564 2154 sibi
583 2105 710 2155 mortem
728 2097 823 2155 luerat
839 2096 971 2158 molitus.
990 2101 1117 2158 coactas

109 2184 285 2245 Ambraciae
309 2199 364 2259 per
386 2180 516 2240 multum
545 2187 662 2256 tempus
678 2179 794 2238 cuidam
823 2198 876 2239 suo
897 2179 1046 2260 proditdri
1063 2185 1117 2244 ali-

109 2264 211 2330 men'ta
226 2264 471 2326 subministravit.
486 2264 523 2321 Et
532 2261 678 2341 praecipue
689 2264 819 2340 primum
833 2266 999 2343 exemplum
1012 2266 1049 2326 de
1060 2265 1117 2326 hoc

109 2350 249 2432 preastitit
258 2349 402 2407 Dominus
411 2354 512 2406 noster
526 2347 608 2405 iesus
623 2344 774 2422 Christus,
791 2347 843 2423 qui
859 2348 890 2406 in
905 2366 992 2409 cruce
1004 2349 1116 2426 positus

109 2451 166 2512 pro
196 2430 433 2511 persecutoribus
461 2435 493 2489 et
526 2428 767 2492 maledicentibus
794 2428 851 2492 sibi
878 2429 963 2493 valde
998 2433 1116 2495 Patrem

109 2522 256 2580 exoravit.

188 2707 220 2789 ς.
233 2710 284 2769 lli.
303 2705 397 2770 Varia
407 2707 533 2803 erotica,
548 2714 577 2766 et
593 2700 843 2784 affecttaoeprotic
854 2703 1037 2785 suggerenti.

107 2910 182 2974 att.
195 2910 220 2969 Ι.
236 2910 344 2969 blotiva
360 2906 487 2987 fiducita.
500 2910 543 2967 Dc
559 2906 604 2968 ltis
617 2904 707 2986 supria
717 2906 762 2985 (itt
775 2906 801 2987 §-
813 2906 865 2986 iil
874 2905 937 2985 jam
960 2908 1051 2968 locuti
1069 2929 1119 2971 su-

107 3010 199 3066 mus;
213 2992 272 3050 illis
288 3002 409 3070 possunt
432 3001 587 3068 sequentes
610 2991 731 3068 adjungi
754 3009 790 3051 ea
812 2992 962 3070 Scriptura
981 3013 990 3050 ε
1008 2989 1120 3054 Nttllaa

109 3073 249 3156 macerit
276 3077 310 3133 in
331 3073 482 3146 Domino,
502 3082 531 3132 et
548 3074 690 3153 cattfasae
709 3083 762 3135 est.
775 3072 868 3134 Eccli.
882 3077 913 3136 2.
928 3078 975 3136 ll.
989 3077 1058 3156 Ipse
1078 3085 1122 3138 eet

107 3156 288 3237 propitiatio
300 3174 357 3237 pro
372 3157 496 3238 peccatis
511 3158 632 3219 nostris.
647 3162 677 3219 l.
695 3161 786 3220 lacre.
805 3161 835 3218 2.
847 3161 877 3218 2.
893 3159 975 3218 lesus
988 3158 1121 3220 Christus

109 3240 151 3299 ad
177 3238 234 3298 boc
259 3249 388 3300 mortem
411 3241 527 3310 subiit,
554 3251 588 3300 ut
607 3243 692 3301 nobis
720 3242 837 3301 reniam
857 3242 1017 3300 criminum
1043 3243 1120 3303 obti-

110 3331 213 3382 neret.
230 3324 291 3382 Pro
307 3322 392 3385 nobis
408 3322 543 3383 omnibus
557 3323 683 3385 tradidit
694 3323 781 3386 iiiam
791 3368 799 3395 ,
810 3323 952 3402 quartando
963 3325 1122 3387 tractetiam

110 3421 183 3463 eum
200 3401 253 3465 itta
269 3405 371 3464 carnia
387 3405 472 3466 nobis
489 3406 635 3466 ductavit?
646 3411 730 3470 liam.
749 3410 778 3468 8.
792 3411 841 3468 52.
858 3408 1012 3480 Quomodo
1030 3410 1122 3487 igitur

112 3487 198 3627 grim
216 3490 421 3627 rgmissionem
440 3489 525 3550 nabis
542 3491 678 3570 negabit,
695 3492 747 3570 qui
769 3492 853 3552 nobis
869 3491 1024 3571 proprium
1041 3493 1123 3554 dedit

139 3587 149 3626 Ι
165 3586 229 3629 tum
943 3604 950 3613 ’

1280 476 1301 671 ἱ.

1284 676 1291 863 ¹
