2642 4167
316 250 318 256 ·
414 209 441 290 ς.
455 211 493 270 ll.
508 207 626 270 Manita
647 215 688 268 od
699 203 853 289 percebot.
1074 205 1132 268 lto

126 313 220 385 nisis,
236 318 268 374 et
280 310 361 374 lestis
376 308 634 390 principalioribus
646 301 656 380 ;¹
669 325 705 367 ex
724 323 784 384 quo
806 307 947 367 Doctores
966 304 1043 384 (uide
1061 303 1083 365 l.
1098 308 1128 367 b.

122 418 158 458 n.
171 399 237 460 969.
251 406 281 458 ct
296 394 378 472 560.)
391 395 539 457 affirment
558 393 688 469 graviter
702 408 822 469 peccare
831 388 993 468 parochom
1010 391 1061 468 qui
1076 409 1130 469 per

22 542 24 549 ,
121 502 253 545 mensem
275 485 471 552 continuum,
494 488 545 539 aut
564 497 617 558 por
637 486 696 538 tres
712 495 827 537 menses
843 476 1044 538 discontinuos
1064 495 1130 538 con·

122 570 241 631 cionare
265 569 394 635 omittit,
417 565 545 642 exceptis
569 563 687 623 duobus
707 561 860 622 mensibus
872 606 881 633 ,
893 562 926 621 in
946 562 1053 638 quibus
1068 580 1131 640 per·

121 654 216 713 mittit
225 653 309 715 Trid.
322 649 475 730 parochis,
490 668 525 709 ex
533 645 609 724 justa
621 664 705 705 causa
720 646 757 705 ab
769 646 909 723 Episcopo
922 646 1126 722 approbanda,

120 752 204 811 posse
223 735 303 797 liciti
320 737 428 795 obesse.
447 735 483 801 Et
495 729 543 792 hic
560 729 723 791 reundum
738 734 784 787 est
796 772 804 798 ,
814 728 948 788 Trident.
964 729 1043 807 (sess.
1057 733 1086 789 5.
1100 749 1126 790 e.

121 822 151 879 9.
167 818 201 879 de
215 818 294 898 lies.)
308 808 496 895 praecepisse,
509 824 541 874 ut
555 812 675 893 parochi
687 829 805 890 gregem
816 830 902 871 suum
920 813 1011 872 verbo
1027 813 1128 875 divino

121 911 241 980 poscant
256 947 265 974 ‚
279 920 432 963 'sermones
449 901 545 959 faciles
558 916 612 976 pro
624 897 688 974 ejus
700 905 784 973 coptu
798 893 937 955 habentes
947 940 955 965 ‚
966 915 1025 973 quo
1038 901 1127 974 possit

119 989 249 1064 populus
269 996 390 1063 capere,
403 1003 468 1062 quae
490 983 533 1044 illi
548 983 780 1041 concionantur:
797 978 865 1040 caim
878 981 959 1040 enim
972 993 1127 1060 expertum
1195 972 1198 979 ⁴
1228 1000 1231 1005 “

119 1070 266 1143 liabetur,
279 1072 386 1138 sideni,
401 1070 475 1129 sicut
496 1066 561 1146 ipsa.
573 1065 752 1127 diffunditur
773 1065 998 1143 predicatione,
1014 1069 1127 1146 itaper

119 1156 254 1216 camdem
271 1155 437 1223 conservari
456 1151 540 1234 (fides
556 1169 592 1212 ex
612 1149 751 1228 auditu),
771 1148 876 1227 partim
903 1152 1023 1211 utilitati
1039 1163 1127 1215 erunt

118 1241 240 1318 populis
254 1258 296 1300 eae
312 1241 482 1309 conciones,
497 1257 563 1315 quoe
579 1236 689 1295 sinailes
701 1253 761 1295 non
774 1244 863 1307 erunt
873 1236 917 1295 illi
934 1238 1132 1299 concionandi-

116 1323 248 1400 rationi,
269 1342 357 1402 quam
372 1332 532 1385 tenuerunt
544 1321 677 1389 Christus
690 1363 698 1391 ‚
712 1329 742 1378 et
759 1321 907 1397 Apostoli,
922 1323 981 1399 qui
994 1323 1128 1398 predica·

117 1406 191 1467 bant
206 1426 281 1477 non
294 1409 324 1468 in
341 1403 586 1488 persuasibilibus
606 1403 746 1465 buinonae
767 1405 920 1486 sapientise
939 1405 1054 1475 verbis,
1077 1406 1128 1467 sed

118 1490 154 1550 in
172 1491 336 1553 ostensione
351 1490 474 1570 spiritus
490 1498 518 1548 et
531 1489 680 1560 ueritatis,
703 1498 737 1548 ut
753 1490 909 1566 Apostolus
926 1492 979 1549 ait.
1000 1489 1127 1567 ldebquc

115 1577 187 1654 jure
199 1578 307 1637 merito
319 1579 355 1636 V.
373 1579 404 1636 P.
419 1576 555 1652 Magister
571 1571 659 1635 Aoilo
674 1592 734 1634 non
745 1574 813 1633 lesu
834 1573 942 1633 Christi
960 1575 1126 1647 ministros,

116 1662 176 1737 sed¹
192 1661 358 1739 proditores
377 1661 542 1739 appellabat
556 1677 623 1732 eos,
645 1661 697 1736 qui
719 1659 816 1718 inanis
841 1659 942 1734 gloriae
968 1660 1128 1736 eupiditate

118 1746 276 1806 conciones
297 1744 417 1805 habent.
432 1748 468 1804 Et
487 1746 525 1806 P.
547 1747 666 1824 Gospor
675 1741 813 1815 Sanctius
830 1740 946 1819 ajebat,
962 1741 1007 1803 bis
1031 1745 1128 1805 nullos

116 1849 182 1892 csse
194 1830 372 1891 crudeliores
388 1831 420 1890 in
433 1830 590 1889 Ecclesiam
606 1829 660 1887 Dei
675 1831 882 1899 insectatores,
910 1826 982 1890 dum
999 1830 1042 1890 sic
1057 1849 1128 1891 con·

22 1926 23 1957 ³
116 1913 267 1974 rionundo
281 1932 365 1973 causa
381 1922 451 1974 sont
471 1932 526 1973 cur
545 1922 668 1991 pereant
686 1912 788 1973 multae
806 1913 931 1986 auimo,
947 1934 1013 1994 qum
1025 1917 1050 1975 si
1067 1918 1126 1978 illis

113 2002 201 2078 juxta
212 2000 418 2077 Apostolorum
443 2017 578 2059 normam
597 1998 825 2075 praedicaretur,
841 2001 945 2078 utique
963 2002 1049 2062 salvae
1071 2005 1125 2065 lie·

117 2094 202 2146 rent.
223 2086 320 2144 Verbo
340 2086 461 2157 inania,
481 2085 619 2163 periodos
640 2101 780 2156 sonoros,
801 2083 1010 2164 descriptiones
1033 2089 1126 2152 inuti·

118 2174 183 2243 los,
200 2169 313 2230 dicebat
328 2170 360 2230 S.
380 2171 554 2233 Franciscns
578 2165 723 2247 Solonius,
739 2188 801 2230 esse
823 2183 936 2251 pestem
957 2175 1123 2251 concionis,

117 2255 207 2335 eujus
232 2256 337 2316 unicus
360 2254 428 2315 finis
456 2274 519 2316 esse
539 2254 837 2324 debet‚‚auditorum
861 2259 1026 2319 voluntates
1055 2279 1124 2340 erga

117 2342 234 2402 bonum
263 2337 402 2414 movere,
419 2357 481 2401 uon
503 2347 601 2409 autem
623 2341 805 2402 intellectum
829 2343 974 2403 inutiliter
995 2362 1123 2422 pascere.

117 2426 307 2504 Experientid
320 2423 383 2501 jam
402 2424 562 2495 docemur,
577 2443 630 2503 pec
642 2422 813 2502 hujusmodi
826 2428 979 2488 conciones
993 2437 1036 2488 tot
1049 2428 1127 2508 figu-

117 2511 180 2581 ris,
196 2518 227 2570 et
249 2511 361 2587 tmpis,
378 2518 409 2571 et
428 2510 544 2573 dicendi
563 2511 660 2578 fucato
677 2510 801 2577 artificio
825 2511 996 2583 adornatas,
1013 2515 1126 2575 animas

115 2596 156 2656 ad
174 2596 282 2654 bonam
294 2596 409 2672 lrugem
423 2613 481 2654 non
498 2595 615 2664 redire,
630 2596 699 2670 quia
713 2595 856 2659 auxilium
875 2613 962 2654 suum
984 2598 1062 2656 Deus
1075 2616 1127 2658 vc·

116 2679 208 2741 nitati
220 2697 279 2739 non
296 2681 463 2739 consentiit
480 2680 537 2761 poe
550 2680 684 2740 omnium
697 2679 935 2738 concionatorum
947 2681 1058 2756 giutid,
1073 2684 1124 2759 qui

115 2784 154 2825 ex
165 2764 295 2823 vanitate
307 2765 519 2831 concionentur
531 2807 539 2833 ,
557 2763 670 2822 dietum
680 2762 738 2831 sit,
752 2760 802 2820 sed
813 2762 997 2838 potissimum
1009 2782 1124 2840 eorum,

115 2851 173 2929 qui
189 2867 289 2909 euram
300 2851 463 2913 animarum
479 2849 607 2920 habent,
619 2848 727 2924 quibus
740 2848 946 2909 Tridentinum
961 2850 1025 2911 loco
1039 2854 1127 2914 citato

115 2940 162 2998 sie
183 2935 364 3013 prescribit:
382 2932 634 3014 Archipresbyteri
650 2950 766 3013 qnoque
778 2978 786 3005 ‚
797 2931 935 3015 plebani,
953 2946 981 2996 ct
998 2937 1127 3015 nouum·

115 3038 178 3102 que
195 3018 528 3099 parochiales...cnrnin
550 3019 722 3079 animorum
743 3019 878 3082 babentes
902 3018 1034 3084 ecclesius
1059 3043 1127 3101 quo·

115 3121 245 3182 euinque
257 3101 342 3165 modo
360 3102 508 3176 obtinent,
520 3121 627 3185 perse,
645 3102 690 3164 uel
707 3103 781 3165 ulios
805 3105 935 3180 idoneos,
953 3105 982 3165 si
1001 3103 1127 3186 lepitimb

115 3186 257 3270 impediti
272 3184 407 3267 suerint,
428 3187 529 3249 diebus
540 3187 642 3249 saltem
665 3188 839 3261 dominicis,
854 3199 883 3250 et
892 3189 975 3269 sestis
989 3188 1127 3253 sobanni·

114 3273 176 3336 bus
187 3269 351 3361 plebeslsibi
366 3273 535 3335 commissos
550 3293 605 3353 pro
623 3292 701 3345 sua,
716 3283 745 3335 et
760 3293 861 3334 curum
890 3276 1051 3353 capacitate
1070 3295 1127 3356 pa·

112 3364 206 3421 xant
221 3352 407 3419 solertioribus
419 3355 523 3418 uerbis.
538 3361 563 3418 N
566 3370 685 3420 otcotur
700 3361 750 3419 illu
768 3359 877 3433 verba,
897 3377 953 3438 pro
968 3374 1069 3420 eorum
1082 3380 1126 3421 ea·

113 3439 270 3525 posituim
288 3440 367 3500 unde
382 3440 462 3502 certe
478 3444 607 3504 Concilio
626 3443 851 3505 contraveniunt
870 3445 912 3504 illi
927 3456 1057 3522 pastores
1074 3449 1125 3525 qui

112 3526 240 3589 sublimi
253 3526 333 3600 stylo
343 3535 469 3587 utuntur
483 3531 584 3607 populi
596 3530 742 3590 audientis
756 3531 943 3606 capacitatem
957 3532 1123 3592 excedente.

160 3611 231 3672 204.
255 3608 311 3673 liic
339 3627 459 3690 quoque
490 3612 573 3692 juvat
604 3616 838 3678 animadvertere
865 3617 1000 3697 quaedem
1020 3619 1124 3697 magnit

769 3725 775 3733 ·
912 3703 970 3761 15..
