2642 4167
172 249 229 312 108
451 243 757 328 Preaiseoasesserii.
774 248 891 329 Capit

171 346 302 412 llciliirne
323 350 390 428 plns
409 350 503 409 Deum
524 347 659 423 amittit3
684 356 715 408 et
739 346 806 408 ideo
829 346 921 408 oratio
944 348 1078 409 mentalis
1100 348 1171 410 insi·

172 434 288 498 nuanda
302 442 346 495 est
361 450 423 493 non
444 428 559 493 tantum
577 432 743 504 timoratis,
766 431 817 492 sed
841 432 928 491 etiarn
950 435 1170 511 peecatoribus,
1191 468 1211 511 ·.
1245 471 1249 475 -
1292 504 1296 511 ,

171 521 223 600 qui
240 536 316 597 soepe
335 518 374 579 ob
392 517 536 578 delectum
557 518 798 578 considerationis
818 517 944 577 redeunt
959 518 994 578 ad
1014 521 1170 583 vomitum.

211 605 279 666 195.
293 605 388 682 Super
408 602 506 661 omnia
526 601 692 662 eonlessarii
712 600 852 661 adbibere
866 601 974 661 debent
991 603 1173 681 diligentiam

171 687 266 757 bane.
282 684 349 747 erim
365 687 540 765 poenitentes
551 687 706 763 glutiuntur
721 685 930 745 desolationem
943 686 1071 765 spiritis.
1087 689 1172 748 britio

172 790 231 852 quo
242 772 338 831 unitam
350 788 381 828 se
392 770 482 830 tradit
495 769 562 828 vitae
571 769 716 846 spirituali
724 770 797 830 solet
805 771 883 829 Deus
895 771 973 830 iliam
984 771 1098 830 allicere
1107 790 1175 849 spe-

172 855 296 917 cialibus
315 852 490 930 quibusdam
511 852 694 923 luminibus,
715 853 853 933 lacrymis
869 863 898 914 et
910 855 1094 914 sensibilibus
1110 856 1174 914 aliis

173 937 438 1011 consolationibus3
458 936 507 995 scd
530 937 627 1014 elapso
650 939 749 1014 aliquo
771 947 923 1016 ternpore,
943 940 1015 1016 solet
1039 939 1175 998 claudere

172 1022 248 1083 bane
263 1038 388 1089 venam,
402 1029 435 1079 ut
447 1019 552 1098 probet
573 1039 675 1083 earum
691 1022 861 1082 fidelitatem
874 1066 883 1091 ‚
896 1033 926 1083 et
942 1033 976 1082 ut
998 1041 1045 1083 eas
1060 1024 1096 1082 ad
1111 1041 1175 1083 ma·
1229 1070 1231 1075 .

170 1107 267 1185 jerem
288 1105 498 1182 perlectionem
517 1106 655 1175 extollat,
673 1105 847 1167 subtrahens
869 1107 911 1167 cis
928 1107 1095 1167 sensibilem
1110 1125 1175 1168 om·

173 1208 242 1252 nem
262 1188 446 1249 dulcedinem
459 1231 468 1260 ‚
481 1188 529 1246 cui
551 1188 635 1249 lucilia
652 1193 759 1251 animae
778 1189 907 1251 adhaeret
923 1209 982 1249 non
1001 1192 1064 1250 sine
1077 1192 1176 1268 impu·

173 1275 261 1337 ritate
277 1272 420 1350 quadam,
437 1280 468 1332 ct
490 1272 575 1351 eulpa
597 1291 634 1334 cx
652 1293 753 1335 amore
770 1277 816 1335 sui
837 1276 937 1352 ipsias.
959 1275 1177 1334 consolationes

173 1357 324 1420 sensibiles
330 1358 414 1434 (quin
422 1365 452 1416 et
461 1358 647 1417 attractiones
657 1357 904 1437 supernaturales)
913 1368 981 1418 sont
995 1359 1114 1437 quidem
1123 1360 1177 1418 Dci

174 1442 270 1510 dona,
290 1440 342 1501 sed
361 1458 421 1500 non
440 1450 511 1500 sunt
533 1442 595 1519 ipse
611 1444 710 1518 Deus3
729 1443 808 1503 unde
829 1443 912 1522 ipse,
934 1451 969 1501 ut
988 1443 1099 1501 animas
1120 1443 1177 1503 sibi

175 1527 294 1586 dilectus
304 1524 409 1584 avellet
418 1526 505 1585 etiarn
516 1525 531 1585 ia
544 1524 629 1585 donis
641 1527 702 1585 suis
711 1570 719 1596 ‚
728 1535 761 1586 ut
771 1527 943 1586 donatorem
953 1526 1064 1604 puriori
1077 1544 1180 1603 amore

175 1610 299 1688 diligere
315 1618 476 1686 cogantur,
491 1608 600 1681 efficit,
614 1618 649 1670 ut
664 1627 725 1670 non
746 1610 898 1670 inveniant
916 1606 1043 1686 amplius
1061 1609 1093 1669 in
1113 1628 1181 1670 ora·

177 1695 257 1757 tione
282 1693 423 1772 pabulum
445 1703 636 1769 consuetum,
660 1701 691 1754 et
714 1695 829 1753 solitam
852 1694 1105 1768 consolationem
1128 1693 1181 1753 sed
1221 1748 1225 1767 ,

177 1778 283 1851 mdia,
306 1778 476 1850 ariditates,
493 1787 662 1850 tormenta,
682 1783 713 1839 ct
736 1777 912 1856 quandoque
934 1777 1023 1836 ctiam
1042 1778 1182 1836 tentatio·

176 1879 240 1924 nes.
254 1862 392 1939 invigilet
410 1878 481 1939 crgo
502 1878 690 1940 summopere
713 1861 901 1922 confessarius
921 1860 957 1921 od
976 1859 1181 1920 confortandas

176 1948 288 2008 animas
306 1945 388 2016 istas,
402 1962 438 2004 ne
456 1948 618 2007 orationem
631 1947 789 2020 omittunt,
806 1955 837 2007 et
851 1948 1034 2027 praescriptas
1047 1964 1182 2005 commu·
1309 1992 1310 2027 3

178 2031 304 2104 niones3
324 2038 443 2089 revocet
463 2029 522 2088 illis
544 2031 576 2090 in
602 2031 776 2091 memoriam
801 2031 891 2092 rerba
913 2032 961 2091 iila
983 2033 1015 2093 S.
1031 2030 1202 2091 Francisei

176 2110 302 2184 uetat,
319 2112 452 2173 seilrccta
468 2109 540 2174 Plus
550 2109 646 2175 catere
660 2133 759 2176 eoram.
775 2116 838 2176 Deo
851 2115 969 2175 unbem
981 2114 1099 2191 amiam
1114 2131 1183 2175 ora-

178 2197 266 2260 tionis
284 2193 319 2257 ia
336 2193 431 2257 aredio
447 2194 682 2271 desolationum,
700 2200 790 2281 quem
804 2196 898 2262 libras
913 2208 1026 2260 ceratum
1040 2197 1073 2259 in
1088 2196 1184 2257 aredio

178 2277 422 2358 consolationum.
445 2281 590 2354 Quoniam
611 2283 662 2343 illc
684 2285 736 2362 qui
756 2286 851 2345 Deum
874 2285 971 2363 diligit
993 2285 1032 2345 ob
1052 2283 1185 2343 consola·

177 2369 290 2438 tiones,
306 2364 373 2443 plus
387 2365 440 2425 Dei
459 2366 670 2427 consolationes
683 2367 771 2446 quiam
785 2370 880 2428 Deum
894 2369 991 2446 ipsum
1004 2367 1117 2445 diligit3
1132 2364 1185 2425 scd

179 2452 231 2530 qui
243 2452 338 2510 Deum
359 2459 437 2509 amat
451 2451 537 2528 eique
549 2449 679 2513 adhaeret
701 2453 765 2512 sine
780 2452 1026 2512 consolationibus
1047 2452 1121 2522 illis,
1135 2447 1185 2509 hie

177 2550 284 2596 rerum
302 2532 433 2594 ostendit
452 2552 596 2595 amorem.
612 2537 679 2596 llaec
695 2535 733 2596 de
752 2535 943 2596 meditatione
954 2535 1120 2604 sufficiunt,
1133 2531 1184 2592 sed

180 2624 381 2697 opportunum
394 2617 470 2679 duco
480 2618 608 2697 aliquam
622 2617 672 2681 hle
682 2621 767 2680 novis
777 2620 958 2681 confessariis
970 2619 1101 2698 praebere
1112 2619 1187 2678 noti·

179 2704 252 2762 tiam
273 2703 529 2780 contemplationis
549 2703 671 2775 infusa,
690 2723 723 2764 ae
742 2722 864 2765 suorum
877 2704 1040 2782 graduum,
1057 2721 1111 2762 nec
1124 2718 1187 2763 uon

182 2785 310 2846 aliorum
332 2785 480 2847 donorum
505 2790 774 2866 supernaturalium
799 2787 858 2848 una
884 2806 952 2847 cum
979 2786 1088 2863 regulis
1110 2802 1188 2863 prae·

180 2869 297 2948 scriptis
317 2868 333 2928 i
353 2871 513 2948 spiritualis
535 2873 604 2932 ritas
628 2871 775 2950 magistris
800 2872 837 2931 ad
862 2871 1054 2930 directionem
1074 2873 1188 2929 anima-

107 2978 110 2981 ·
181 2970 272 3026 rum,
289 2951 397 3030 quibus
408 2955 488 3016 Deus
506 2954 677 3032 hujusmodi
697 2955 805 3034 gratias
823 2955 952 3015 voluerit
970 2954 1137 3032 impertiri

88 3228 90 3232 v
187 3142 215 3225 3.
229 3143 267 3206 ΙΙ.
280 3142 326 3203 De
340 3139 473 3203 oratione
485 3138 760 3223 ceratemplatioaia,
774 3149 802 3204 ct
816 3140 938 3203 diensis
954 3140 1018 3202 seis
1035 3135 1191 3220 gradibus.

222 3369 289 3431 126.
307 3308 454 3456 Quanto
475 3367 572 3428 anima
593 3366 691 3443 aliqua
712 3364 803 3426 laDeo
821 3359 1076 3440 contemplationis
1098 3357 1206 3436 gratio

187 3451 336 3525 donatur,
359 3462 498 3531 oportet,
518 3461 553 3510 ut
569 3450 759 3510 confessarius
777 3447 890 3527 optimi
907 3449 979 3505 sciat
995 3441 1193 3515 modumque

190 3548 256 3592 eam
279 3535 408 3611 dirigere
430 3537 555 3606 debeat,
578 3542 609 3594 ct
633 3534 671 3592 ab
693 3532 831 3593 omnibus
854 3528 1039 3590 illusionibus
1062 3523 1192 3599 liberet;

179 3610 255 3672 aibr
274 3617 436 3678 maximum
455 3619 500 3679 illi
519 3616 637 3678 offerret
652 3616 816 3690 damnum,
836 3623 867 3675 et
886 3605 1138 3693 quemadmodum
1149 3605 1193 3668 ait
