2642 4167
141 203 199 263 111
329 197 463 281 Epitomc
477 193 616 261 doctrino
628 193 749 260 oracolis
766 200 795 257 51
806 173 954 257 canonicor

548 382 732 444 SYNODUS.

183 552 318 634 synodus
332 551 492 616 dioecesana
504 568 565 612 non
579 547 741 611 necessario
762 547 973 611 transmittitur
985 551 1023 613 ad
1039 569 1150 612 sacram

144 639 404 719 congregationem
418 637 538 699 Concilii
552 681 560 708 ‚
573 634 653 695 utab
662 634 695 695 ct
707 640 950 712 recognoscatur,
963 636 1147 708 emendetur,

80 724 86 735 '
145 731 176 782 et
193 723 385 802 approbetur.
400 725 444 785 De
458 721 569 801 Synod.
582 720 698 780 dioeces.
714 721 737 780 1.
760 721 808 779 15.
826 738 853 779 5.
867 721 895 780 5.
909 739 941 781 n.
955 722 1070 783 (1115111
1084 724 1148 782 Six—
1176 764 1179 771 -

145 805 207 866 tina
228 808 424 877 constitutio,
447 825 513 884 quae
539 803 637 865 otlerri
655 802 693 863 ad
716 802 747 863 id
766 812 887 881 posset,
906 802 982 867 nihil
1004 806 1038 866 ed
1062 805 1098 866 dc
1114 822 1148 865 re

146 890 270 962 statuit,
294 890 351 951 nisi
375 890 470 968 quoad
486 889 615 950 Concilio
629 887 830 966 provincialia.

185 974 414 1036 Constitutiones
431 972 585 1052 synodales
615 973 715 1032 statim
744 989 777 1032 ae
797 973 1041 1051 promulgantur,
1060 974 1150 1052 ligare

146 1057 278 1119 subditos
292 1057 458 1135 incipiunt,
472 1074 568 1134 neque
583 1056 723 1117 bimestre
739 1056 969 1133 cxpectandum‚
985 1067 1019 1120 ut
1035 1059 1073 1118 dc
1086 1058 1152 1137 legi·

146 1144 202 1205 bus
223 1143 426 1223 imperialibus
449 1142 586 1203 edicitur.
600 1143 633 1202 L.
648 1142 735 1223 Lepos
757 1140 1075 1204 sacracramenta
1095 1142 1151 1224 lep.

145 1235 176 1289 ct
191 1226 260 1290 rub:
279 1225 375 1291 novet.
391 1229 439 1289 66.
463 1237 492 1290 51
507 1226 544 1287 (15
566 1226 680 1306 legibus
704 1225 862 1304 pontificiis
878 1225 1011 1288 doctores
1032 1228 1151 1306 quidam

147 1323 302 1389 asserunt,
324 1314 389 1374 aliis
407 1314 499 1392 magis
520 1313 718 1374 communiter
743 1312 943 1388 negantibus3
966 1312 1040 1374 nihil
1071 1315 1151 1374 enim

147 1399 223 1459 circa
243 1397 299 1459 hoc
312 1398 452 1459 statuitur
474 1396 511 1456 dc
535 1396 648 1475 legibus
662 1393 699 1454 ab
722 1395 910 1456 interioribus
932 1396 1020 1473 15115,
1038 1405 1072 1458 ut
1089 1414 1154 1458 mo·

148 1491 231 1542 ment
245 1483 309 1541 DD.
327 1481 435 1561 plures.
451 1481 494 1539 Dc
505 1481 577 1558 Syn.
593 1479 678 1539 dioec.
694 1480 717 1540 l.
734 1481 953 1562 1551111.

186 1567 343 1644 Reguleres
365 1565 453 1625 etiam
473 1561 671 1640 snbjiciuntur
694 1563 809 1641 legibus
829 1562 1019 1642 synodalibus
1040 1563 1073 1624 in
1093 1564 1150 1636 iis,

148 1669 215 1730 quoa
235 1650 395 1729 respiciunt
419 1666 519 1710 curam
540 1648 727 1721 animarum,
751 1657 781 1706 et
798 1656 1048 1707 sacramentorum
1061 1647 1153 1708 admi-

149 1734 374 1805 nistrationem,
387 1732 649 1794 511111555515.
663 1751 725 1810 cap.
739 1733 787 1791 11.
797 1728 1025 1810 derogatoribus
1034 1775 1042 1803 ,
1051 1751 1154 1811 quam·

150 1820 196 1878 vis
219 1817 302 1879 sectis
325 1818 363 1878 sit
383 1818 415 1877 in
434 1816 517 1889 aliis,
534 1815 586 1876 scd
613 1815 650 1876 ad
668 1814 833 1876 evitandam
857 1812 1074 1875 deformitatem
1093 1833 1153 1875 sese

149 1901 209 1962 ollis
238 1901 421 1962 conforment
446 1907 580 1978 oportet,
606 1917 666 1960 non
693 1908 791 1959 tamen
813 1896 867 1957 sub
891 1898 972 1975 gravi
998 1905 1045 1958 cas
1063 1899 1155 1976 negli-

150 1993 275 2064 gerent,
295 1994 417 2044 notante
430 1984 549 2046 Sutorio.
562 1987 667 2045 Censet
688 1991 787 2043 15111511
810 1982 944 2041 Pontifex
958 1992 1061 2042 contra
1079 1994 1154 2043 non-¹

152 2068 249 2128 nullos
266 2067 438 2146 regulares,
459 2071 594 2146 quamvis
614 2077 771 2129 tencantur
795 2064 833 2125 ad
850 2065 921 2125 festa
943 2065 1096 2126 dioeceseos
1117 2084 1153 2126 cx

151 2151 235 2212 Trid.
248 2168 316 2210 sess.
334 2153 383 2210 15.
400 2170 426 2209 c.
441 2153 489 2211 te.
503 2151 538 2212 de
549 2148 655 2231 reget,
672 2168 732 2211 non
753 2160 851 2210 tamen
871 2149 965 2215 teneri
987 2151 1023 2212 ad
1040 2149 1152 2227 jejunia

151 2235 189 2294 ab
203 2235 344 2311 Episcopo
360 2233 484 2310 indicta,
507 2235 563 2294 nisi
577 2236 632 2293 alio
655 2234 836 2295 consuetudo
854 2234 887 2292 in
901 2233 1073 2312 quibusdam
1087 2251 1151 2294 uro·

151 2319 284 2381 nosteriis
294 2316 370 2380 torto
383 2318 563 2379 invaluisset.
573 2320 616 2379 De
631 2319 704 2400 Syn.
714 2317 799 2378 dioec.
813 2317 835 2377 l.
849 2319 898 2378 15.
916 2336 942 2378 5.
956 2320 985 2379 1.
998 2335 1029 2378 n.
1041 2318 1070 2378 5.
1085 2328 1115 2379 51
1123 2320 1153 2380 o.

566 2489 743 2551 truncus.

191 2657 337 2722 'labarum
350 2674 403 2739 pcr
415 2676 500 2720 nares
512 2655 646 2732 trahere,
658 2659 705 2719 vel
718 2657 780 2737 ejus
791 2657 907 2719 sumum
924 2657 957 2718 in
973 2675 1005 2718 os
1018 2655 1156 2717 iuducere

153 2750 221 2804 onte
244 2745 339 2804 missae
357 2742 605 2816 celebrationem,
623 2743 670 2803 vei
685 2742 902 2804 cornmnnionis
918 2742 1136 2821 perceptionem
1141 2783 1165 2816 ,,

154 2845 339 2907 nequaquam
360 2826 595 2887 interdicendum
614 2835 712 2888 censet
728 2826 880 2895 Pontifex,
891 2842 987 2902 neque
1001 2822 1163 2899 prohiben-⁴

126 2924 129 2939 ⁸
153 2909 373 2988 conjudicat,
399 2908 467 2971 edm
486 2910 524 2971 ob
544 2920 708 2990 receptam,
733 2928 766 2972 ac
795 2907 995 2987 pervulgatam
1011 2905 1158 2984 ejusmodi¹

153 2994 415 3067 consuetudinem,
439 2995 535 3055 omnis
549 2995 580 3055 in
600 2996 634 3055 cd
652 3014 686 3057 re
707 2991 797 3056 modo
820 2993 896 3053 absit
919 2989 1107 3065 inhonestas,
1126 2997 1156 3051 et

155 3080 332 3143 indecentia.
346 3080 390 3140 lle
404 3080 477 3159 Syn.
490 3078 641 3141 dicentib.
657 3083 705 3141 tt.
721 3098 747 3140 c.
769 3079 818 3138 15.
832 3096 864 3138 11.
877 3077 908 3137 5.

522 3248 744 3310 TERTldeAE.

195 3412 369 3474 Mulieribus
383 3415 536 3477 'sortiariis
548 3434 609 3477 nou
622 3414 811 3494 collegialiter
828 3412 996 3476 viventibus
1016 3431 1077 3476 non
1090 3428 1158 3494 pos·

157 3504 226 3553 sunt
241 3496 390 3573 regulares
401 3496 471 3558 dare
489 3498 624 3560 habitum
634 3501 680 3561 sui
693 3499 806 3560 ordinis
821 3497 885 3560 sinc
899 3498 1017 3560 licentii
1026 3495 1156 3577 Episcopi

155 3574 328 3652 diocesani,
349 3582 397 3640 cui
422 3581 531 3644 debent
551 3582 608 3645 rite
624 3584 770 3663 probare,
788 3583 897 3646 babere
917 3600 948 3642 sc
964 3581 1020 3642 lroc
1038 3580 1157 3660 privile-
