2642 4167
153 283 210 345 1110
389 281 525 342 Exeruere
538 249 782 340 ordinandorum.
800 278 872 356 Cup.
889 277 921 338 5.

153 388 260 456 praeter
269 375 321 437 has
331 393 446 443 causas,
457 373 506 433 vix
513 371 698 434 excusabitur
710 370 726 430 h
737 371 843 431 veniali
858 371 999 451 (111191.
1011 370 1159 450 Coeterdrn

152 471 268 521 tenetur
285 459 417 522 sacerdos
439 458 537 518 Missas
558 457 670 517 votivos
689 456 853 529 celebrare,
876 455 960 531 juxta
983 456 1158 533 petitionem

152 545 286 606 dantium
312 546 547 621 eleemosynam,
573 540 678 600 diebus
706 540 814 617 quibus
837 538 917 599 licite
940 539 999 599 diei
1021 550 1155 618 possunt.

154 627 264 706 iliaque
288 627 451 690 notandum
471 643 539 686 com
557 627 598 686 D.
624 622 681 685 Th.
702 619 820 703 (Srrppl.
842 641 870 702 p.
890 625 939 682 71.
955 640 985 683 o.
997 624 1027 683 9.
1041 622 1082 685 od
1094 624 1136 702 5.)
1146 666 1160 695 ‚⁴

151 712 229 790 quod
244 715 329 775 Missa
342 711 378 773 de
390 711 518 792 requiem
531 711 622 787 magis
642 709 765 788 prodest
783 708 930 770 defunctis
948 718 1070 788 propter
1089 727 1163 789 oras

151 798 331 877 tionesque
352 798 383 857 in
404 814 438 856 ca
459 797 610 855 dicuntur.
1155 841 1165 876 r

189 885 256 943 tat.
269 881 484 942 -Notondom
501 881 530 939 5.
545 897 605 938 non
621 877 711 939 heere
728 877 839 956 pluries
859 878 892 938 in
913 877 962 939 die
981 879 1156 953 sacrificare,

74 1001 77 1008 ·
152 967 209 1027 nisi
224 969 253 1027 in
268 964 490 1032 laterensibus,
509 965 538 1022 1.
552 962 590 1022 ad
605 963 834 1023 ministrandum
846 964 995 1024 Viatieum
1009 966 1058 1039 32.
1075 966 1098 1024 si
1108 967 1157 1025 die

149 1050 389 1110 scstoadreuiant
402 1064 551 1124 personae,
571 1064 643 1123 quos
664 1064 724 1107 non
743 1047 844 1107 deceat
864 1064 977 1106 sacrum
998 1049 1156 1119 omittere,

150 1130 1164 1212 miccinamprinceps,autEpiscopusa5.sipostorhabeatduasparo·¹

150 1215 229 1276 chios
248 1217 382 1284 dissitas,
402 1225 433 1276 et
455 1216 541 1274 aliter
561 1216 688 1292 populus
708 1214 784 1274 alter
803 1225 914 1275 careret
930 1218 1015 1275 Missi
1028 1217 1060 1276 in
1082 1218 1167 1286 festu,

149 1300 187 1359 dc
200 1301 358 1380 praecepto.
371 1300 504 1360 Advertit
518 1298 628 1360 Bened.
642 1300 732 1361 Xtv.
746 1301 777 1358 in
787 1297 1069 1371 Brevi‚Deeieraota'‚
1077 1303 1167 1366 edito.

150 1403 220 1445 ano.
243 1388 330 1446 1716.
348 1384 385 1445 de
404 1384 459 1443 hae
477 1401 511 1443 re
531 1402 649 1462 semper
668 1384 883 1461 impetrandam
908 1402 971 1444 esse
988 1384 1157 1446 facultatem

150 1471 188 1529 nh
199 1459 355 1549 Episcopo,
369 1470 481 1528 etiamsi
495 1470 647 1528 necessitas
658 1467 840 1529 intercedere
852 1468 997 1529 videatur.
1012 1471 1156 1538 Praeterea

51 1583 57 1594 ·
151 1553 298 1626 advertit,
317 1553 396 1632 quod
412 1553 450 1613 de
466 1553 580 1611 casibus
594 1552 759 1611 enunciatis
770 1553 848 1611 solus
862 1570 964 1624 casus,
985 1551 1053 1614 ciam
1068 1573 1157 1633 paro·

151 1637 224 1698 chioe
247 1649 316 1699 sunt
333 1639 459 1706 dissita,
484 1637 516 1694 in
531 1636 742 1696 consuetudine
765 1643 820 1695 est.
846 1638 921 1696 item
941 1636 1161 1699 advertendum

151 1724 223 1783 oiim
237 1723 352 1783 licuisse
365 1720 492 1802 parocho
505 1722 536 1780 in
550 1721 598 1779 die
610 1721 761 1782 Dominica
774 1729 840 1798 post
849 1722 964 1780 Missam
978 1740 1033 1800 pro
1047 1726 1156 1801 populo

149 1809 248 1867 dicere
263 1808 385 1867 alteram
408 1824 463 1883 pro
487 1805 642 1879 defuneto,
659 1815 803 1882 praesente
823 1804 983 1882 cadavere3
1005 1808 1056 1866 sed
1077 1807 1158 1869 idern

150 1890 262 1951 Beoed.
270 1893 360 1952 XIV.
373 1893 405 1950 in
416 1890 549 1958 indulto,
566 1888 651 1963 Quod
660 1889 793 1970 expensio
808 1932 817 1959 ‚
832 1899 888 1949 ete.
903 1889 971 1951 dato
985 1893 1022 1951 26
1032 1894 1156 1969 August.

149 1976 238 2034 1718.
249 1976 280 2034 in
289 1974 317 2053 §.
328 1976 425 2047 Novo,
434 1972 735 2051 eireefiodeelaravit
749 1974 778 2033 id
785 1972 874 2034 hodie
882 1992 941 2033 non
951 1974 1077 2053 amphias
1088 1996 1156 2054 per-

150 2059 246 2126 mitti,
268 2057 336 2117 cirm
360 2059 445 2116 liccat
466 2060 594 2134 parocho
612 2056 711 2117 dicere
734 2060 851 2120 Missam
867 2076 922 2138 pro
944 2059 1103 2135 defuneto,
1125 2069 1174 2124 et,

149 2141 308 2202 transferre
320 2143 435 2201 Missam
450 2160 505 2219 pro
527 2142 637 2219 populo
653 2142 690 2202 ad
707 2141 786 2202 diem
797 2144 873 2202 inira
884 2142 1109 2208 hebdomadam.
1169 2183 1173 2192 ·

187 2227 245 2287 118
269 2257 308 2294 -,
319 2226 525 2286 Notandumti.
534 2224 613 2303 qudd
625 2227 668 2299 si,
679 2225 754 2287 dum
766 2226 947 2299 celebratur,
957 2230 1081 2292 Ecclesia
1091 2233 1156 2309 poi·

106 2315 109 2320 ’
149 2313 259 2382 luitur,
278 2311 325 2370 rel
350 2310 459 2370 aceedit
477 2310 747 2370 excommunicatus
771 2312 924 2382 vitandus,
948 2313 1000 2389 qui
1023 2317 1158 2379 monitus

148 2397 224 2456 nolit
242 2395 410 2468 discedere,
430 2404 501 2457 tune
520 2395 654 2456 sacerdos
676 2404 746 2455 ante
764 2397 1012 2456 consecrationem
1036 2400 1156 2462 Missam

147 2482 298 2542 dimittere
312 2480 420 2541 debet:
436 2490 534 2560 postea
549 2479 620 2541 vero
641 2488 743 2558 pergat
765 2497 859 2556 usque
880 2479 918 2539 ad
935 2482 1155 2559 sumptionem,
1171 2541 1175 2548 .

147 2572 178 2624 ct
196 2566 295 2626 statim
311 2564 451 2626 discedat.
472 2563 599 2625 Demirrn
622 2564 671 2624 hie
688 2563 872 2634 notandum,
886 2563 967 2641 qtrdd
985 2565 1058 2626 seete
1083 2586 1176 2628 eon··

146 2649 308 2709 sacratione
328 2665 481 2726 nunquam
501 2650 570 2709 licet
582 2649 698 2708 Missam
716 2648 953 2724 interrumpere,
967 2647 1024 2707 nisi
1035 2648 1155 2710 tautum

147 2732 185 2791 ad
200 2731 427 2809 baptizandum,
442 2732 489 2791 vei
501 2732 712 2799 absolvendum
730 2730 882 2792 laominem
892 2728 1015 2807 jamjam
1032 2732 1155 2792 moritu·
1171 2764 1176 2796 ε

147 2833 233 2892 rum3
244 2815 285 2875 ita
297 2816 361 2875 DD.
373 2817 572 2884 communiter
585 2813 618 2895 (t.
635 2818 664 2874 (i.
679 2833 711 2876 n.
727 2816 821 2894 ste).

408 3007 435 3088 S.
451 3010 503 3068 111.
517 3010 562 3069 De
572 3013 711 3090 potestate
723 3008 888 3070 sacerdotia.

185 3250 252 3311 tao.
268 3280 303 3294 -
321 3184 467 3311 Sturum
492 3246 627 3306 sacerdos
651 3265 688 3307 ex
711 3255 855 3326 potestate
884 3246 998 3308 ordinis
1024 3250 1153 3327 suseepti
1177 3279 1181 3286 ⁴

147 3330 262 3392 tanttim
278 3330 467 3391 Eucharistiae
481 3331 701 3391 Sacramentum
720 3332 865 3391 eonhcere
887 3339 995 3408 potest,
1010 3340 1042 3393 et
1063 3336 1155 3406 etiam

147 3416 331 3485 ininistrare‚
342 3415 461 3491 excepta
473 3417 683 3475 communione
695 3413 823 3475 Paschali
835 3437 845 3489 3
859 3434 931 3498 nanp
940 3416 975 3474 ad
985 3415 1040 3475 aliu
1050 3419 1156 3494 requi·

146 3496 224 3552 ritur
236 3504 363 3570 potestas
374 3496 597 3571 jurisdictionis.
610 3499 685 3558 Mine
703 3499 807 3575 nequit
825 3500 889 3558 sine
901 3500 1018 3559 licentia
1031 3500 1154 3577 parochi

147 3572 310 3645 baptizare,
325 3594 421 3652 neque
434 3581 601 3638 Extremam
620 3581 814 3648 Unctionem‚
832 3591 884 3640 out
896 3582 1042 3644 Viatieum
1061 3584 1153 3643 mini-
1177 3609 1182 3624 ·

148 3659 259 3724 strare,
279 3672 333 3713 nee
357 3659 546 3730 Matrimonia
560 3662 722 3739 ‘assistere3
746 3673 775 3735 et
795 3663 860 3723 sino
880 3664 998 3726 licentia
1015 3665 1151 3743 Episcopi
1177 3691 1183 3706 .
