2642 4167
448 238 476 318 §.
488 241 538 301 1v.
556 243 640 302 Circo
653 242 764 324 judicis
781 243 919 326 officiata.
1136 252 1173 311 to

164 339 297 416 tionem,
312 336 339 399 si
352 339 487 400 revelare
503 351 616 401 recuset
628 338 659 421 (l.
673 361 697 402 e.
710 363 743 404 a.
759 347 841 424 tat.)
854 369 863 422 ς
876 358 906 408 et
919 348 983 410 aliae
1001 368 1173 412 excommu-

163 424 326 484 nicationes
358 423 474 499 obvioe,
504 444 571 503 quaa
599 427 748 489 observari
775 424 955 508 possunt'in
980 441 1105 497 tractatu
1133 436 1172 495 de

159 508 305 570 censuris.
328 510 364 567 11.
386 509 463 568 Sciat
480 508 662 587 distinguere
681 522 831 588 peceatum
854 516 969 575 veniale
991 515 1008 575 i
1029 519 1172 588 mortali,
1195 536 1198 542 ·

159 594 265 653 saltem
283 593 315 651 iu
333 608 387 651 suo
411 609 539 670 genere,
561 594 639 671 quod
658 599 856 658 communiter
875 601 990 659 occurri
1019 602 1116 678 solet;
1138 610 1169 663 et

88 679 91 684 ’
160 677 199 737 de
217 677 283 736 aliis
298 676 402 735 saltem
423 676 559 737 dubitare
578 679 662 737 sciat.
677 680 730 738 111.
742 681 819 740 Sciat
833 682 1075 763 interrogationes
1097 703 1169 763 quas

159 762 256 821 facere
273 760 620 831 debet,circumstantias
632 772 819 840 peecatorum
842 768 944 830 saltem
962 770 1088 846 speciem
1102 787 1170 830 mu·

160 853 279 905 tantos:
298 843 373 921 quid
387 845 545 904 constituat
564 847 745 907 occasionem
762 850 927 925 proximam
941 895 949 922 ,
964 854 1037 929 quid
1050 853 1170 914 inducat

158 928 355 989 restitutionis
380 927 614 1005 obligationem
644 930 717 989 item
740 933 836 1008 qualis
864 952 926 994 esse
955 935 1060 996 debeat
1085 937 1170 997 dolor

159 1023 191 1075 et
210 1013 415 1091 propositum,
435 1021 465 1072 et
484 1012 612 1091 denique
622 1014 751 1075 remedia
763 1017 799 1075 ad
818 1019 1053 1081 emendationem
1072 1020 1170 1081 effica-

158 1098 249 1158 ciora.
261 1101 298 1158 Et
312 1106 346 1156 ut
365 1098 505 1157 brevibus
521 1116 570 1158 me
581 1098 754 1176 expediam,
771 1101 886 1163 affirmo
903 1104 935 1163 in
951 1113 1027 1164 statu
1047 1104 1168 1165 damna·

84 1197 91 1204 ·
157 1184 249 1243 tionis
265 1200 329 1244 esse
350 1200 419 1242 eum
436 1183 671 1255 confessarium,
701 1186 752 1262 qui
778 1187 842 1246 sine
867 1186 1021 1248 sufficienti
1046 1188 1168 1248 scientia

155 1270 197 1329 od
214 1267 407 1329 consessiones
423 1266 608 1343 excipiendas
626 1285 657 1327 se
677 1268 808 1345 exponit.
830 1273 908 1330 Deus
929 1272 990 1348 ipse
1009 1270 1056 1330 his
1070 1273 1168 1332 verbis

154 1370 228 1415 eum
241 1351 402 1429 reprobat:
431 1351 510 1428 Quia
523 1358 554 1409 tu
568 1349 720 1412 seientiam
736 1348 872 1432 repulisti
880 1397 889 1423 ,
912 1352 1053 1435 repellam
1070 1362 1096 1414 te
1105 1400 1115 1431 ,
1131 1371 1168 1415 oe

157 1435 318 1499 sacerdotio
328 1433 468 1516 fuaporia
485 1433 561 1494 mitt
578 1434 654 1512 stit.
670 1438 699 1495 6.
718 1455 751 1497 n.
774 1437 869 1514 618.)
890 1440 970 1499 Oeace
983 1456 1049 1517 cop.
1067 1441 1097 1501 i.
1108 1441 1168 1500 ttae

154 1521 307 1581 excusabit
316 1536 387 1579 eum
407 1519 539 1596 Episcopi
565 1519 757 1596 approbatio,
782 1521 806 1580 s‘i
829 1521 982 1582 manifeste
998 1540 1030 1581 se
1051 1523 1168 1584 noverit

156 1602 341 1665 inhabilem:
358 1602 532 1681 approbatio
546 1603 626 1662 enim
641 1621 701 1662 non
717 1605 846 1664 infundit
865 1606 1016 1665 scientiam
1038 1623 1168 1664 necessa·

156 1688 253 1764 riam,
271 1688 323 1749 sed
336 1687 487 1765 supponit.
502 1688 574 1746 Dico
590 1684 767 1766 manifeste,
788 1686 862 1747 ddm
882 1688 934 1764 qui
950 1683 1066 1745 tanttim
1081 1686 1168 1747 dubi·

156 1781 251 1842 taret,
273 1769 350 1832 bend
373 1779 489 1848 potest,
512 1768 574 1830 imb
597 1770 685 1830 debet
706 1772 857 1847 quiescere
875 1770 907 1829 in
936 1770 982 1828 sui
1007 1770 1166 1847 superioris

154 1855 270 1934 judicio
285 1853 434 1924 confisus,
451 1855 475 1913 si
493 1854 597 1913 saltem
617 1854 759 1915 seduliori
781 1854 879 1914 studio
899 1872 931 1914 se
955 1851 1084 1915 babilcm
1104 1855 1166 1916 red·

156 1941 229 2001 dere
249 1946 368 2017 satagat.
387 1941 423 1997 tt
440 1936 540 1997 nulius
553 1938 744 1999 confessarius
763 1938 961 1999 intermittere
980 1938 1066 2000 debet
1083 1937 1166 2000 theo·

154 2024 244 2101 logiae
262 2022 381 2083 moralis
396 2020 545 2098 studium,
563 2022 632 2099 quia
654 2040 691 2081 ex
711 2031 755 2082 tot
778 2024 867 2083 rebus
890 2033 952 2084 mm
971 2024 1115 2098 diversis,
1135 2032 1166 2083 et

154 2108 237 2168 inter
252 2124 285 2165 se
307 2104 472 2183 disparibus
485 2123 551 2182 quaa
562 2105 599 2164 ad
612 2104 688 2166 bane
704 2106 856 2167 scientium
873 2108 1046 2185 pertinent,
1070 2108 1164 2168 multa

154 2191 293 2269 quamvis
305 2191 402 2261 lecta,
427 2190 496 2267 quia
515 2187 613 2250 rarids
633 2190 788 2264 accidunt,
809 2194 950 2271 temporis
975 2190 1165 2271 progressae

153 2284 257 2339 metue
266 2274 497 2352 deciduot3qua
519 2274 557 2335 de
571 2292 605 2335 re
625 2283 742 2355 oportet
761 2294 877 2356 semper
897 2277 1044 2356 frequenti
1065 2277 1163 2339 studio

152 2379 205 2424 eas
222 2361 255 2423 in
268 2359 444 2421 memoriam
459 2375 609 2421 revocare.

403 2536 431 2616 S.
444 2538 495 2598 tv.
511 2535 716 2618 circejudieis
725 2534 855 2617 officiatos
867 2538 920 2617 (1).

194 2766 245 2827 ta.
265 2702 458 2827 possesne!
481 2762 648 2823 confessarii
678 2761 807 2822 officium
833 2769 878 2821 cst
904 2760 1030 2838 judicis,
1055 2770 1085 2822 et
1107 2759 1163 2825 hoe

152 2853 320 2928 importat,
334 2857 371 2909 ut
386 2849 463 2909 sieut
478 2847 569 2926 judex
589 2855 710 2906 tenetur
728 2844 811 2923 prids
828 2846 957 2907 rationes
971 2865 1161 2926 cognoscere,

152 2936 227 2996 inde
244 2952 338 2996 oausoe
354 2943 503 2994 momenta
527 2933 692 3000 discutere,
717 2941 747 2992 et
770 2932 878 2993 deinde
896 2934 1071 2993 sententiam
1095 2952 1164 3011 pro·

151 3023 254 3083 serre:
275 3020 316 3080 ita
334 3020 524 3080 confessarius
544 3018 627 3096 prids
651 3018 739 3079 debet
757 3021 890 3080 conscius
908 3020 974 3080 fieri
994 3019 1163 3097 poenitentis

152 3105 360 3174 conscientiae,
384 3113 482 3181 postea
502 3101 565 3179 ejus
584 3104 807 3181 dispositionem
831 3104 995 3181 inspicere,
1013 3113 1043 3162 et
1064 3110 1163 3181 posteo

152 3192 370 3254 alsotutionem
386 3190 558 3267 impertire,
571 3200 621 3250 aut
639 3208 757 3268 negare.
770 3194 804 3250 Et
826 3191 921 3268 quoad
944 3192 1075 3267 primum
1096 3208 1162 3249 nsu-

153 3294 232 3347 nus,
244 3276 324 3353 quod
346 3283 392 3334 est
404 3285 520 3351 peccata
534 3276 704 3352 poenitentis
720 3293 916 3355 cognoscere,
930 3275 1062 3352 quamvis
1085 3275 1163 3334 debi-

151 3357 422 3422 tum'oxominandi
436 3361 643 3420 conscientiam
660 3361 699 3420 sit
718 3362 900 3439 proecipuum
917 3361 1100 3437 poenitentis,
1115 3362 1160 3420 ni-

152 3443 339 3518 hilominus,
362 3444 507 3524 quidquid
532 3446 582 3506 alii
604 3446 739 3507 doctores
759 3444 859 3527 (optat
879 3444 995 3507 Lobrter
1015 3448 1157 3508 instruct.

182 3597 215 3655 (1)
223 3596 256 3644 td
265 3595 331 3657 quod
341 3597 445 3657 pertinet
454 3595 552 3645 scientie
562 3602 637 3645 status
651 3594 793 3658 penitentis.
983 3652 1049 3704 mih
