2642 4167
456 203 521 266 Art.
534 204 564 266 ὅ.
577 204 624 268 iio
640 203 795 269 ordinibus
812 204 887 289 maj.
1117 210 1177 275 oet

169 304 272 369 brbdri
297 314 331 367 ut
351 304 433 367 boun
457 306 687 383 patrimonialia.
710 309 769 369 ilbi
798 315 898 369 tomen
918 305 1120 387 probabilius,
1140 321 1178 375 nt

168 394 274 473 tepor.
287 394 400 453 Beroea.
415 390 547 452 Nouurr.
567 392 714 456 Petrnoor.
732 394 819 453 Cone.
844 399 897 454 eto.
915 393 1082 468 affirmant,
1105 398 1176 475 quir

167 477 349 540 beneficiarii
362 495 400 537 ex
407 475 523 553 iustitio
534 482 676 535 tenentur
684 477 797 538 fruetus
807 475 972 555 superfluos
984 480 1174 557 pauperibus,

168 564 217 623 vol
231 562 304 623 loeis
319 560 376 638 piis
394 576 531 638 erogare,
543 577 614 619 nom
629 561 733 620 saltem
746 562 869 620 Ecclesia
881 579 939 621 non
959 564 1091 623 coneedit
1105 564 1176 642 ipris

170 644 337 707 dominium
347 642 591 714 tractuum‚nisi
610 643 770 705 limitatum
789 645 826 705 ad
838 644 1001 724 superfluos
1012 649 1175 724 erogandos
1298 717 1302 722 .

168 729 203 791 in
214 746 356 807 pauperes
366 726 443 806 (tto.
455 727 487 788 4.
499 746 532 788 ιι.
546 726 639 802 499.)
653 725 707 790 Ηὶι
717 739 816 788 autem
826 728 1174 803 sedulbodvertendum,

170 812 250 892 qudd
262 814 378 872 Summ.
389 811 475 871 Pont.
491 809 603 871 Bened.
615 813 706 871 XIV.
722 812 754 872 in
763 814 848 873 Brevi
861 814 898 872 ud
910 814 1094 874 Cardinelem
1105 816 1175 874 Del·

168 896 295 977 pbinum
306 891 504 954 Petrina-oham
517 893 754 972 Aquilejeusem,
772 906 908 956 emanata
928 897 977 956 die
992 899 1029 957 19
1050 897 1172 957 ianuar.

167 982 257 1041 1748.
274 978 451 1050 declaravit,
464 979 619 1037 canonicos
639 977 729 1040 choro
751 997 811 1040 uon
828 981 1049 1049 interessentes,
1064 982 1110 1040 vel
1131 981 1173 1044 ibi

166 1069 394 1133 moneamur,
408 1078 468 1121 non
479 1058 576 1121 solim
589 1057 812 1124 distributiones
823 1065 1008 1141 quotidianus
1019 1066 1172 1140 amitteret

164 1146 323 1210 sedetiam
335 1145 372 1205 ad
385 1145 605 1206 restitutionem
621 1146 716 1224 teneri
727 1148 878 1209 fruetuum
897 1164 1021 1209 suarum
1036 1149 1171 1227 preben-

168 1231 273 1292 darum
283 1228 359 1309 (tit.
370 1231 400 1289 4.
413 1247 447 1288 ιι.
462 1230 531 1288 oto.
546 1227 627 1289 Dub.
643 1227 698 1305 5.).

205 1317 256 1377 69.
272 1317 315 1372 -1
330 1316 432 1387 Quor.
456 1313 494 1372 ll.
519 1313 633 1385 Quanta
645 1312 685 1372 sit
699 1312 838 1387 obligatio
856 1312 964 1376 officii?
986 1315 1106 1378 eertum
1127 1321 1173 1374 est

166 1416 288 1477 posenno
305 1399 458 1477 meeber,
480 1396 532 1474 qui
554 1397 666 1457 omittit
679 1398 841 1459 notabilem
859 1398 947 1459 officii
963 1408 1087 1476 portem.
1106 1400 1171 1458 Gu-

163 1484 267 1549 min
286 1491 421 1544 censetur
436 1498 525 1558 parva
546 1482 668 1542 materia
687 1483 805 1542 omissio
828 1483 952 1542 minoris
968 1482 1059 1560 pertis
1082 1479 1172 1556 quim

158 1588 265 1650 pnrvoe
282 1567 364 1628 horae
381 1564 457 1644 (tit.
472 1566 500 1624 5.
511 1583 543 1624 ιι.
556 1564 647 1640 tlt).
661 1565 718 1637 Qut
733 1574 833 1627 autem
844 1582 947 1626 omnes
958 1574 1071 1641 septem
1084 1561 1171 1632 hotot

166 1649 409 1726 omittit,verii1s
425 1666 493 1709 eum
504 1650 583 1709 Leto.
598 1647 707 1708 meet.
730 1650 816 1708 Cotto.
835 1651 946 1709 Toum.
960 1654 989 1705 et
1002 1643 1168 1720 coiumuui,

164 1756 262 1799 uuum
283 1737 395 1797 omittit
416 1742 596 1812 pennatum,
626 1736 695 1808 quin
718 1748 821 1792 omnes
838 1730 920 1790 beroe
931 1731 1078 1807 integrum
1105 1728 1170 1788 olii·

164 1825 244 1886 oium
260 1825 447 1899 componunt
464 1815 540 1896 teil.
559 1818 588 1875 t.
613 1836 646 1876 ιι.
678 1814 771 1893 lttt).
792 1817 849 1889 Qui
869 1814 998 1875 officium
1015 1811 1171 1891 projiceret

164 1909 196 1968 in
216 1925 320 1978 mere,
337 1912 384 1964 lot
403 1910 520 1982 peecata
540 1900 756 1971 committeret,
776 1907 848 1976 quot
864 1897 1033 1961 omissiones
1052 1898 1170 1960 dierum

165 1992 362 2068 providerem
387 1989 455 2067 quia
472 1986 595 2064 singule
621 1985 791 2044 omissiones
815 1983 902 2045 officii
922 2027 930 2055 ,
950 1982 988 2043 nd
1008 1982 1169 2062 quemlibet

163 2077 242 2138 diem
273 2076 479 2153 pertinentes,
497 2078 568 2131 suut
594 2070 718 2147 singulae
745 2068 1011 2149 transgressiones,
1041 2077 1073 2127 ot
1097 2065 1167 2138 bie,

163 2178 212 2221 eas
233 2159 298 2238 jem
319 2156 534 2237 providendo,
561 2164 693 2233 peccaret
716 2154 836 2232 quidem
858 2155 890 2214 in
916 2169 1001 2213 eausa
1023 2150 1112 2232 (ibit.
1133 2169 1166 2213 ιι.

163 2245 256 2322 149.)
277 2246 324 2305 An
345 2244 378 2302 in
393 2241 486 2301 dubio
501 2237 606 2300 utrdm
625 2239 736 2317 aliquid
750 2258 784 2298 en
804 2238 901 2299 ollieio
918 2238 956 2297 sit
972 2238 1018 2297 vel
1033 2255 1071 2296 ne
1084 2236 1170 2299 omis·

163 2347 251 2404 sum,
269 2329 309 2389 sit
325 2324 539 2405 repetendum?
555 2324 758 2403 Repetendum
774 2325 898 2403 quidem
918 2324 951 2383 in
969 2323 1062 2386 dubio
1077 2338 1168 2398 nege

163 2414 252 2486 tivo,
278 2413 389 2471 seilicet
411 2410 436 2470 si
464 2410 580 2468 nullum
609 2409 740 2485 prudens
764 2411 909 2468 motivum
937 2405 1065 2481 hebens,
1087 2401 1167 2479 quod

161 2496 223 2573 jam
246 2497 377 2571 dixeris;
392 2491 474 2556 serus
491 2494 515 2553 si
536 2491 662 2552 dubium
681 2502 725 2551 est
745 2492 922 2568 positivum,
938 2504 1044 2565 nempe
1060 2489 1085 2546 si
1098 2503 1168 2563 pro·

163 2581 301 2641 hobiliter
320 2578 420 2638 umus
437 2586 465 2637 te
486 2577 593 2636 dixisse
608 2597 618 2651 3
634 2577 675 2634 ite
694 2574 890 2633 communiter
912 2573 991 2632 Nee.
1013 2569 1165 2642 sember,

166 2669 247 2745 lupo
258 2710 269 2742 ,
293 2668 404 2726 Toum.
432 2663 528 2724 Ceste.
544 2659 639 2720 Saluo.
654 2662 744 2718 Reno.
759 2656 847 2732 (Vide
865 2655 886 2716 t.
905 2658 936 2716 5.
954 2673 986 2715 ιι.
1012 2656 1091 2735 lto.)
1112 2653 1166 2733 (1).

200 2751 251 2810 70.
273 2782 313 2794 -
336 2749 435 2821 Quaer.
453 2747 506 2806 lll.
521 2746 592 2818 Quoe
613 2744 804 2821 requirentur
826 2741 863 2800 ad
886 2739 972 2800 horas
996 2739 1072 2800 bene
1092 2741 1167 2802 reoi-

163 2833 291 2894 tondes?
307 2832 479 2910 Requiritur
496 2831 526 2890 1.
544 2830 579 2888 Ut
602 2832 763 2887 recitentur
776 2825 860 2903 juxte
875 2824 1080 2904 prescriptum
1092 2827 1166 2885 Bre-

161 2915 255 2977 eiurit'
266 2913 405 2978 Romani.
419 2912 502 2973 Unde
513 2911 738 2990 improbabilem
749 2928 850 2971 oeuseo
864 2907 1033 2986 opinionem
1046 2927 1165 2981 eorum,
1266 2911 1270 2918 '

161 3001 215 3077 qui
233 3000 337 3060 dieunt
357 3015 418 3058 non
442 3014 560 3075 peecare
582 2997 769 3068 mortaliter,
793 2997 844 3074 qui
864 3002 1025 3055 commutat
1035 2995 1166 3053 ossirium

163 3084 196 3143 iu
213 3082 294 3144 aliud
306 3082 474 3143 notabiliter
487 3080 604 3140 brevius
617 3079 650 3159 (l.
665 3101 691 3142 r.
704 3100 736 3140 ιι.
747 3080 837 3159 ltu).
849 3082 894 3141 An
909 3089 1008 3139 antem
1026 3081 1065 3139 sit
1083 3099 1165 3140 uror·

160 3168 220 3227 tole
237 3176 353 3227 mutare
374 3167 407 3225 in
427 3169 562 3242 equale,
580 3167 628 3225 vel
649 3168 752 3243 quasi?
771 3166 859 3226 Adest
876 3164 948 3224 bino
969 3163 1038 3223 inde
1056 3164 1165 3242 duplex

160 3251 360 3330 plurimorum
381 3251 535 3310 sententio.
557 3248 678 3327 AEquitis
689 3259 787 3311 tamen
802 3252 919 3310 videtur
929 3249 1086 3309 dioendum
1097 3268 1165 3309 oum

158 3334 282 3413 Spem,
299 3336 428 3413 ltoemp.
447 3333 539 3406 Viuo,
563 3334 670 3413 Lepre.
695 3333 802 3405 uitet,
822 3341 875 3394 eto.
888 3351 949 3393 esse
970 3334 1111 3402 mortale,
1134 3334 1159 3392 si

158 3419 285 3477 metatio
303 3418 343 3478 sit
359 3420 497 3496 frequens
512 3437 523 3494 3
537 3417 651 3478 veniale
668 3419 693 3477 si
708 3414 800 3489 roro,
817 3416 891 3495 pulit
907 3425 977 3500 ter,
997 3419 1044 3482 vel
1057 3427 1161 3496 quami·

186 3548 220 3607 (1)
228 3545 316 3604 Confer
331 3552 407 3596 noim
425 3546 454 3593 ed
464 3545 481 3592 1,
493 3546 514 3592 1.
524 3559 546 3592 n.
558 3544 595 3592 29.
606 3545 713 3607 positam.
1013 3602 1070 3650 Edu
