2642 4167
175 244 216 306 uo
262 298 268 307 .
454 236 568 327 Propria
588 233 771 319 mofhssora’r'.
788 238 862 317 Cap.
876 237 906 298 ⁷.

177 352 279 417 curet,
292 351 327 405 ut
342 342 431 403 ctiam
453 341 490 401 ab
505 340 570 399 aliis
583 339 634 400 ille
655 341 718 400 Deo
735 337 981 410 commendetur,
997 355 1031 399 ac
1041 339 1191 421 praccipod

98 459 101 467 ·
176 425 475 493 &communitatibus
501 423 667 503 religiosis,
696 431 730 484 ut
748 424 845 486 missis
867 429 899 482 et
929 421 1065 502 precibus
1089 424 1189 502 ipsum

178 514 368 576 auxilientur.
382 511 412 571 2.
428 509 550 569 lutimet
570 507 727 584 damnato,
745 505 827 586 qudd
843 507 906 566 sive
918 508 983 584 ipse
1001 517 1191 568 convertatur

179 601 242 660 sive
267 614 359 669 uon,
389 594 534 655 sententio
566 591 738 669 exequenda
759 593 829 651 erit.
860 592 891 650 5.
927 593 1122 670 lntcrroget‚
1152 610 1191 652 an

180 683 256 746 lortd
268 683 306 743 de
319 700 372 742 sua
390 679 484 740 salute
500 677 658 757 desperet,
683 675 719 737 ed
739 674 820 754 quod
843 676 971 736 animam
987 676 1113 737 demoni
1127 687 1190 738 tra·

181 768 312 829 diderit?
325 784 361 829 co
376 765 456 827 euim
479 781 546 823 casu
565 762 609 823 illi
629 760 753 822 suadere
774 760 910 834 studeat,
922 760 1002 840 quod
1019 761 1189 839 hujusmodi

180 864 297 934 pactum
311 854 373 913 uim
395 868 456 910 uon
470 848 598 918 habeat,
618 846 688 924 quia
702 846 780 906 solus
793 847 874 906 Deus
893 855 937 906 cst
964 847 1070 908 animae
1088 851 1191 908 Domi-

180 957 257 1008 nus,
277 948 307 998 et
332 937 481 997 statimne
503 934 565 1011 ipse
599 949 720 1009 pravam
743 938 860 990 revocat
885 932 1086 1005 voluntatem,
1112 935 1190 993 Deris

181 1024 236 1102 ipsi
250 1022 348 1083 omnia
367 1017 634 1101 peceataxremittit.
656 1016 688 1075 t.
709 1017 896 1093 loterroget,
916 1034 953 1075 an
973 1018 1101 1094 aliquem
1120 1018 1190 1079 odio

182 1107 372 1185 insequatur,
398 1121 435 1164 ex
455 1119 516 1179 quo
541 1102 696 1177 proveniat
714 1117 766 1159 soa
788 1100 973 1159 obstinatio?
995 1103 1119 1180 iusuper
1139 1102 1192 1161 nd·

182 1199 296 1262 vertat,
319 1189 423 1270 primis
435 1185 548 1246 vicibus
570 1184 677 1262 quilius
698 1183 788 1243 talem
810 1184 990 1245 obstinatum
1008 1186 1189 1264 alloquitur,

182 1293 221 1336 ne
232 1273 405 1353 importune
424 1279 508 1347 cogat
523 1274 557 1329 ut
574 1269 674 1328 statim
691 1268 886 1341 conarentur,
900 1269 1040 1347 quoniam
1060 1271 1190 1331 obstina-

183 1362 243 1422 tior
264 1361 324 1420 fiet.
348 1359 453 1420 ltclius
469 1356 527 1415 erit
544 1371 711 1414 sermonem
734 1371 833 1413 secum
858 1355 952 1414 iacere
971 1353 1009 1416 dc
1031 1366 1126 1416 morte
1145 1356 1193 1416 cui

182 1462 288 1505 omncs
303 1452 461 1512 tenemur,
479 1440 516 1500 dc
540 1439 741 1500 misericordia
761 1440 835 1508 Dei,
858 1439 896 1499 dc
916 1442 1011 1517 poenis
1033 1442 1140 1502 interni
1162 1451 1193 1501 et

182 1528 221 1589 de
237 1528 364 1607 paradisi
379 1526 504 1607 gaudiis.
517 1527 640 1584 Enarret
653 1523 680 1581 ei
698 1524 867 1601 exenrplum
882 1525 1005 1601 alicujus
1017 1526 1192 1603 peccatoris,

184 1614 234 1692 qui
254 1623 390 1674 mortuus
403 1620 447 1671 est
458 1608 647 1688 impoenitens
658 1628 667 1682 3
678 1615 730 1666 aut
751 1609 923 1669 nonnullius
934 1611 1027 1688 capite
1043 1609 1192 1681 damnati,

182 1699 235 1776 qui
250 1707 379 1758 sanctam
399 1695 522 1756 sortitus
541 1701 585 1752 est
601 1701 746 1762 mortem,
762 1700 852 1768 prout
867 1694 1009 1772 illiusque
1025 1737 1034 1768 ,
1058 1694 1127 1755 calm
1146 1695 1196 1754 in·

182 1799 292 1843 nocens
306 1782 463 1843 damnatus
480 1778 599 1847 fuisset,
621 1775 748 1854 cumque
766 1777 1015 1858 interrogaretur,
1033 1798 1092 1859 qua
1107 1781 1197 1842 dere

183 1883 267 1926 suam
290 1885 350 1928 non
370 1863 545 1926 defendisset
566 1862 787 1933 innocentiam,
808 1863 849 1922 sie
865 1864 1037 1941 respondit:
1055 1868 1097 1929 Et
1113 1873 1197 1928 cur?

184 1952 249 2030 Epo
269 1958 311 2011 tot
328 1966 424 2010 conos
443 1949 540 2008 Deum
555 1945 658 2023 requei
673 1989 681 2017 ,
699 1953 735 2005 ot
745 1945 822 2007 mitit
841 1945 1003 2009 concederet
1014 1952 1092 2012 mori
1102 1960 1199 2013 auerte

184 2033 401 2116 opprobriosa,
423 2032 500 2094 auat
519 2025 658 2090 Salvator
677 2047 759 2091 aneos
777 2029 849 2092 obiit
876 2050 931 2112 pro
957 2052 1002 2095 arc
1025 2059 1037 2095 .-
1058 2054 1109 2116 cpo
1121 2036 1197 2116 jam

185 2118 301 2182 oddoni
313 2116 393 2199 quod
406 2115 537 2196 mutam
547 2158 557 2190 ,
577 2121 606 2173 et
622 2131 702 2173 auaro
715 2113 771 2174 lade
789 2120 893 2195 optotd
912 2126 988 2179 curte
1012 2138 1057 2178 rue
1074 2119 1200 2198 privare

130 2200 136 2211 “
184 2199 311 2264 vellem?
331 2205 367 2264 Et
390 2203 430 2262 ita
449 2200 583 2260 hilariter
603 2197 641 2258 ad
666 2199 834 2278 patibulum
845 2202 984 2279 perrexit.
1006 2205 1098 2264 Dictis
1118 2205 1198 2278 his,

184 2287 376 2350 confessarius
392 2285 540 2363 relinquet
562 2301 670 2363 reum,
687 2293 720 2342 ut
735 2302 833 2344 secum
855 2287 908 2344 ista
923 2289 1022 2348 animo
1041 2293 1199 2369 revolvat3

185 2382 215 2436 ct
226 2383 325 2451 postea
344 2368 453 2431 iterum
469 2368 649 2436 sciscitetur,
664 2386 703 2427 an
726 2367 803 2428 sorte
822 2378 951 2431 mutatus
967 2372 1023 2446 sit,
1042 2374 1129 2451 eique
1146 2375 1201 2435 di·

185 2469 252 2519 eat:
268 2453 331 2517 rite·
345 2453 389 2514 rui
398 2499 405 2524 ,
420 2452 489 2534 jam
509 2460 562 2513 tua
581 2470 662 2512 auore
679 2452 923 2534 appropinquat,
942 2455 1014 2536 quid
1033 2456 1201 2520 decernis?

123 2574 126 2579 >
184 2544 225 2604 Io
242 2549 295 2601 tua
310 2547 451 2622 potestate
469 2546 512 2598 cat
525 2535 687 2618 infernum
702 2582 711 2607 ,
733 2544 787 2597 eet
802 2541 904 2598 coetuua
919 2537 1032 2620 stipere.
1049 2541 1201 2604 Antarad-

184 2634 279 2703 usrte‚
298 2624 376 2707 qudd
394 2623 422 2686 ai
441 2622 586 2684 obstitisti
606 2621 741 2694 decedis,
765 2641 820 2702 per
841 2631 933 2683 totam
957 2627 1147 2687 aeternitatem
1170 2637 1201 2689 tc

184 2711 358 2792 paenitebit,
380 2707 429 2770 aad
451 2716 533 2771 tauto
551 2705 630 2768 arrato
647 2705 765 2769 nullum
778 2707 907 2789 eorpliua
919 2709 1077 2772 remedium
1087 2731 1202 2793 suppe-

126 2836 128 2841 -
186 2805 236 2859 tet.
250 2796 324 2858 Cirm
338 2793 434 2854 adhuc
445 2795 543 2871 ipsum
563 2793 662 2853 videat
677 2796 805 2866 dorum,
820 2803 903 2852 curet
922 2805 954 2854 ut
975 2797 1202 2867 circumstantes

186 2889 272 2940 orent
288 2899 343 2959 pro
356 2896 411 2953 c03
425 2887 454 2938 ct
472 2881 635 2957 praesertim
662 2880 787 2938 Litanias
807 2881 840 2938 Β.
861 2880 991 2958 Virginis
1006 2885 1148 2954 recitent,
1166 2891 1202 2944 et

187 2964 294 3026 deinde
313 2974 381 3023 ante
406 2980 474 3022 eum
498 2963 696 3041 genuflectat,
717 2973 861 3042 rogatque
883 2983 922 3022 ne
942 2966 1012 3026 velit
1036 2969 1142 3045 perire.
1164 2969 1202 3030 Si

186 3069 224 3111 nc
237 3048 372 3128 proficiat
390 3048 510 3124 quidem
534 3066 601 3106 eum
615 3049 792 3126 alloquendo
805 3093 813 3120 ‚
828 3066 860 3107 se
877 3057 974 3108 vertat
991 3050 1028 3109 ad
1042 3053 1204 3129 alloquen-
1219 3042 1238 3097 a<

184 3136 257 3195 dum
276 3132 460 3194 crucifixum.
476 3133 627 3210 Denique,
641 3135 666 3194 si
682 3151 750 3195 reus
760 3133 823 3210 jam
833 3134 987 3193 advenerit
1004 3135 1041 3195 ad
1056 3137 1201 3215 supplicii

185 3222 306 3291 locum,
327 3217 491 3296 expostulet
511 3215 528 3277 d
548 3218 656 3295 populo
673 3262 682 3292 ,
701 3227 735 3278 ut
760 3236 862 3278 omncs
886 3218 1115 3296 genuflectentes
1138 3238 1202 3299 pro

185 3305 236 3365 illo
250 3304 395 3363 obstinato
412 3320 512 3382 preces
533 3301 695 3362 effundant.
710 3302 850 3362 Prodesse
870 3321 988 3380 quoque
1003 3306 1112 3382 poterit
1124 3322 1203 3368 eum

185 3389 298 3450 terrere
319 3388 467 3447 dicendo:
490 3385 611 3448 Discede
629 3384 780 3448 maledicte
807 3387 841 3446 ire
862 3385 1033 3466 iraferuuua,
1059 3388 1205 3469 quarada-

184 3471 302 3551 quidem
314 3472 360 3531 vie
378 3480 404 3532 te
424 3471 552 3552 perdere.
573 3472 630 3533 Sed
647 3474 740 3544 scito,
761 3471 841 3553 qudd
864 3479 917 3532 tuo
931 3490 1020 3553 poena
1044 3474 1141 3536 ocrim
1162 3473 1203 3536 irs

184 3555 304 3631 triferae
325 3556 382 3616 crit
405 3561 546 3619 memorio
568 3558 659 3639 liujus
687 3558 827 3637 temporis
847 3555 927 3635 quod
949 3558 1031 3618 Deua
1057 3557 1112 3620 tibi
1131 3555 1204 3619 lar-

183 3636 286 3717 gitur,
307 3646 335 3699 ct
356 3647 389 3700 tu
409 3641 547 3704 utereris.
565 3644 603 3703 lit
622 3643 810 3723 postmodum
832 3642 950 3705 dulcem
979 3651 1110 3704 resumat
1134 3661 1203 3704 ser·
