2642 4167
181 212 238 275 111
464 201 576 268 Prosit
585 198 769 282 eoasuserii.
780 201 853 280 Cep.
869 200 907 261 t.·

182 309 380 375 nicationtnas
395 304 669 384 contemplationis,
683 310 736 363 aut
746 301 895 381 caliginis,
907 307 958 363 aut
970 300 1112 375 unionis,
1126 319 1188 364 oon

180 396 268 457 debet
285 396 312 455 ei
332 395 502 472 imponere,
514 400 549 450 ut
565 407 613 450 eas
631 386 745 464 rejiciat
757 431 766 458 ,
780 385 832 446 sed
844 395 877 446 ut
888 385 1059 458 humiliter,
1076 393 1187 448 etcum

180 483 342 560 matianum
355 478 469 537 actione
489 476 622 554 recipiat.
637 475 760 551 Semper
774 469 845 533 vero
868 481 969 533 utatur
990 470 1107 542 verbis,
1120 489 1189 548 quar

182 566 312 625 enimam
327 580 386 623 non
398 559 520 622 omnine
532 576 664 618 securam
676 557 804 617 efficiant
816 599 825 627 ,
843 556 893 617 sed
905 556 1075 633 relinquant
1083 554 1194 632 quem?

181 649 250 721 dam
268 650 427 713 timorem,
445 645 497 722 qui
517 662 603 714 mm,
624 643 678 703 etsi
694 661 754 702 nen
773 641 946 711 conturbet,
969 640 1100 701 detineat
1116 639 1187 700 verri

181 733 213 793 iu
224 731 410 798 humilitate,
422 739 452 790 et
468 729 505 789 ab
525 729 665 790 omnibus
677 728 863 789 alienatione.
879 727 993 786 Gratias
1006 733 1104 785 autem
1116 743 1189 802 qua-

181 818 320 878 rumdam
346 814 520 879 notitiarum
543 814 749 886 distinctarum
773 829 839 888 quar
867 809 1013 869 habentur
1041 826 1094 886 per
1110 808 1188 867 viem

181 902 350 970 visionum,
365 897 452 959 ethis
465 899 608 958 similium
621 940 629 967 ,
650 906 683 954 ut
694 892 829 973 superius
846 893 996 961 diximus,
1010 891 1113 969 jubeat
1124 911 1191 953 con·

182 986 318 1046 sessaniae
336 980 578 1055 constantissime,
590 980 719 1040 recusari
736 1022 744 1049 ,
769 996 887 1057 semper
909 987 1007 1039 tamen
1032 979 1062 1036 ln
1082 979 1190 1055 spiritu

183 1066 358 1129 humilitatis
374 1067 415 1146 (et
427 1067 490 1126 sine
511 1066 572 1125 ullo
586 1073 780 1143 contemptu,
800 1073 833 1123 ut
855 1061 1001 1141 expuendi
1019 1062 1188 1137 infaciem,

183 1152 327 1217 irridendi
340 1163 395 1212 etc.
408 1150 488 1229 quod
506 1169 568 1210 neu
589 1150 679 1218 licet,
702 1157 735 1208 ut
757 1149 857 1226 plures
878 1148 1044 1224 asserunt);
1070 1156 1101 1206 et
1120 1165 1193 1224 pro-

184 1237 317 1298 testando
331 1255 362 1296 se
375 1253 473 1296 eorem
491 1237 570 1295 Deos
587 1236 624 1294 Se
637 1235 714 1294 velle
726 1234 754 1293 ei
772 1233 803 1293 in
820 1251 893 1312 pure
912 1233 972 1293 lide
986 1233 1107 1293 servire.
1128 1233 1194 1294 Ces-

183 1319 300 1390 terirm,
315 1320 416 1398 inquit
434 1319 467 1379 S.
485 1316 621 1379 Tdrreer'e
641 1318 729 1395 (Vtra
744 1336 770 1377 e.
786 1319 834 1378 15.
858 1324 886 1376 et
897 1316 1000 1394 Mens.
1020 1317 1072 1378 VI.
1086 1334 1111 1375 e.
1125 1315 1191 1391 u),

183 1403 265 1483 quod
290 1404 533 1482 quotiescumque
562 1403 660 1461 anima
679 1403 825 1467 sentitse
851 1400 979 1465 suaviter
1003 1400 1122 1460 accendi
1154 1400 1194 1462 ed

184 1505 315 1549 emerem
340 1505 408 1567 erga
427 1489 544 1560 ιιιιιιιιι,
564 1485 674 1551 trabere
693 1487 782 1546 debet
807 1486 1104 1546 communicationem
1125 1493 1194 1547 tsn-

185 1591 274 1650 quam
288 1573 442 1644 divinam,
459 1590 520 1632 nen
536 1570 603 1631 ideo
621 1580 654 1631 ιιι
667 1571 766 1631 credat
779 1590 810 1630 se
827 1572 891 1630 eliis
904 1570 1077 1643 meliorem,
1096 1570 1148 1629 sed
1159 1579 1195 1632 ut

185 1659 319 1717 animum
338 1657 424 1730 locist
444 1655 481 1715 ad
507 1651 663 1734 perlectids
677 1674 778 1716 eorem
806 1657 868 1715 Deo
896 1653 1132 1731 ambulandum
1152 1657 1196 1717 ita

185 1742 265 1802 euim
281 1741 394 1821 egendo
407 1742 486 1801 Deus
503 1741 609 1800 efficiet
630 1749 664 1800 ut
684 1741 819 1815 daemon,
845 1740 959 1801 etiamsi
983 1742 1038 1800 iste
1062 1741 1196 1818 aliquam
1218 1784 1221 1789 -

185 1837 298 1906 partem
321 1825 461 1901 liaberet,
481 1824 577 1884 vietus
597 1831 772 1898 remaneat,
794 1834 825 1885 et
846 1825 906 1885 suis
928 1825 1000 1901 ipsis
1024 1824 1115 1883 aruns
1135 1824 1195 1886 sibi

184 1910 367 1972 damnificet.

224 1995 292 2055 itt.
311 1994 370 2053 sed
389 1992 758 2055 concludamusllireetor
777 2011 847 2073 erqo
864 1996 893 2053 1.
913 1994 1045 2071 imponat
1066 1994 1195 2066 animoe,

185 2089 219 2143 ut
236 2076 372 2156 superius
394 2077 541 2149 diximus,
564 2088 597 2137 ιιι
617 2078 746 2139 fideliter
763 2087 882 2139 enarret
899 2095 1002 2138 omnes
1026 2081 1198 2139 eommuni-

185 2163 312 2224 cetiouee
332 2179 404 2238 quas
424 2159 512 2221 hahet
535 2162 564 2220 in
589 2164 743 2240 eratione,
766 2164 875 2223 nullam
900 2173 996 2222 tamen
1019 2181 1067 2221 eas
1081 2163 1197 2225 sciendi

184 2247 284 2326 gelam
296 2245 495 2305 demonstret:
508 2264 563 2305 nee
576 2265 707 2326 unquam
720 2249 786 2308 aliis
797 2249 962 2308 manifestet
974 2247 1080 2323 gratias
1089 2265 1197 2324 supen-

185 2329 334 2392 naturales
346 2347 400 2388 suo
414 2330 569 2408 poenitenti
583 2351 753 2410 concessas3
771 2334 821 2393 fiet
839 2334 918 2393 enim
936 2342 969 2392 ut
983 2332 1024 2391 illi
1045 2330 1111 2408 ejus
1126 2350 1197 2408 pre·

185 2415 267 2476 cibus
279 2432 310 2474 se
322 2415 552 2486 commendent,
571 2435 696 2495 eamque
716 2419 845 2479 maximo
858 2417 1045 2496 superbiendi
1061 2416 1197 2494 periculo

185 2509 356 2580 exponant:
375 2500 421 2561 vel
443 2502 466 2559 si
487 2512 553 2579 post
565 2502 642 2562 haine
661 2505 813 2575 notitiem,
829 2504 1008 2563 levissimum
1022 2504 1197 2562 intueantur
1289 2549 1297 2561 .

185 2585 352 2653 delectum,
370 2582 498 2644 multum
522 2587 816 2663 scandalizabuntur,
839 2596 869 2647 et
888 2589 919 2645 ln
935 2585 1082 2661 derisione
1103 2585 1196 2646 hebe-

184 2669 272 2729 bunt.
282 2669 312 2728 1.
322 2670 387 2728 Νοιι
399 2670 534 2730 ostendet
546 2670 617 2730 huie
634 2673 741 2732 anime
761 2673 866 2731 talibus
879 2671 1029 2731 favoribus
1048 2671 1197 2730 distinctas

185 2753 361 2832 particulare
384 2753 505 2830 aliquod
527 2756 644 2833 signum
668 2757 890 2826 estimationis,
918 2765 948 2815 et
974 2753 1068 2815 multo
1094 2751 1197 2817 minis

185 2837 283 2895 ιιιίιιιι
300 2836 371 2895 alias
398 2839 574 2915 prenitentes
593 2839 632 2899 ιιιι
651 2841 811 2919 petendum
832 2840 987 2901 eonsilium
1012 2839 1050 2898 ab
1069 2856 1125 2912 ea,
1147 2837 1195 2898 rel
1286 2904 1289 2911 ,

184 2920 221 2979 ad
234 2919 450 2997 exposcendum
472 2923 628 2995 solatium,
645 2935 696 2984 aut
714 2925 927 2986 directionem:
945 2924 1042 3004 putide
1057 2923 1197 2984 ostendat

184 3004 310 3065 minoris
331 3021 395 3063 eum
412 3005 529 3076 secere,
552 3006 642 3085 quem
660 3010 731 3068 elias
753 3012 865 3071 animas
885 3029 950 3089 quoe
969 3009 1123 3070 ambulant
1141 3025 1197 3084 pet·

183 3088 261 3147 uiam
280 3086 368 3159 fidei,
393 3090 534 3167 quoniam
557 3094 664 3153 animae
686 3093 732 3154 his
751 3094 902 3156 favoribus
924 3104 1056 3164 ornatas,
1077 3095 1196 3171 regule

183 3173 258 3232 riter
279 3164 446 3250 loquendo,
464 3191 580 3253 semper
600 3186 630 3236 et
655 3177 785 3239 multum
804 3186 874 3238 sunt
893 3177 1095 3240 humiliandae.
1115 3180 1146 3238 ιι.
1162 3178 1194 3238 Si

184 3256 315 3317 advertet
328 3258 457 3318 animam
469 3276 586 3321 servare
598 3259 796 3323 humilitatem
808 3307 815 3334 ,
829 3270 917 3339 etque
932 3262 1070 3322 timorem
1085 3263 1117 3321 in
1131 3263 1194 3322 istis

183 3338 292 3399 divinis
311 3341 649 3417 communicationibus,
670 3357 785 3425 opertet
809 3365 873 3408 eam
898 3344 1060 3422 adjuvere,
1081 3344 1143 3406 imo
1164 3353 1196 3405 et

184 3440 318 3518 securam
339 3425 454 3496 lacere,
472 3429 587 3506 quoties
601 3433 738 3509 expedire
752 3432 932 3511 cognoverit.
952 3431 1053 3509 lnquit
1069 3431 1102 3490 S.
1119 3428 1195 3489 Tire·

184 3521 283 3579 reete,
300 3507 380 3584 qued
393 3509 491 3569 anima
511 3532 677 3594 numquam
692 3517 859 3578 movebitur
879 3518 917 3576 ad
940 3534 1045 3593 magna
1065 3516 1193 3593 prolleo

137 3630 141 3638 ·
183 3589 330 3662 suenda,
342 3591 399 3652 nisi
410 3599 564 3670 agnoverit
579 3617 612 3660 se
624 3619 729 3680 magna
746 3602 888 3680 accepisse
903 3599 921 3662 t
935 3601 1009 3661 Dee.
1022 3601 1060 3660 Et
1070 3597 1190 3676 quidem
