<?xml version="1.0" encoding="UTF-8"?>
<!DOCTYPE html PUBLIC "-//W3C//DTD XHTML 1.0 Transitional//EN"
    "http://www.w3.org/TR/xhtml1/DTD/xhtml1-transitional.dtd">
<html xmlns="http://www.w3.org/1999/xhtml" xml:lang="en" lang="en">
 <head>
  <title>
</title>
<meta http-equiv="Content-Type" content="text/html;charset=utf-8" />
  <meta name='ocr-system' content='tesseract 3.04.00' />
  <meta name='ocr-capabilities' content='ocr_page ocr_carea ocr_par ocr_line ocrx_word'/>
</head>
<body>
  <div class='ocr_page' id='page_1' title='image "./theologiamorali05heilgoog_0265.png"; bbox 0 0 2642 4167; ppageno 0'>
   <div class='ocr_carea' id='block_1_1' title="bbox 160 261 1166 455">
    <p class='ocr_par' dir='ltr' id='par_1_1' title="bbox 160 261 1166 455">
     <span class='ocr_line' id='line_1_1' title="bbox 204 261 1166 364; baseline 0.008 -35"><span class='ocrx_word' id='word_1_1' title='bbox 204 354 206 358; x_wconf 18' lang='grc' dir='ltr'>ι</span> <span class='ocrx_word' id='word_1_2' title='bbox 412 261 415 266; x_wconf 70' lang='grc'>’</span> <span class='ocrx_word' id='word_1_3' title='bbox 441 273 508 333; x_wconf 84' lang='lat' dir='ltr'><strong>Art.</strong></span> <span class='ocrx_word' id='word_1_4' title='bbox 525 271 553 333; x_wconf 75' lang='lat' dir='ltr'><strong>b.</strong></span> <span class='ocrx_word' id='word_1_5' title='bbox 572 272 618 332; x_wconf 89' lang='lat' dir='ltr'><strong>De</strong></span> <span class='ocrx_word' id='word_1_6' title='bbox 631 267 785 333; x_wconf 74' lang='lat' dir='ltr'><em>ordinibus</em></span> <span class='ocrx_word' id='word_1_7' title='bbox 801 273 875 352; x_wconf 77' lang='lat' dir='ltr'><strong>maj.</strong></span> <span class='ocrx_word' id='word_1_8' title='bbox 1040 356 1044 364; x_wconf 69' lang='lat'><strong>,</strong></span> <span class='ocrx_word' id='word_1_9' title='bbox 1107 277 1166 337; x_wconf 74' lang='lat'><strong>259</strong></span> 
     </span>
     <span class='ocr_line' id='line_1_2' title="bbox 160 371 1166 455; baseline -0.002 -16"><span class='ocrx_word' id='word_1_10' title='bbox 160 373 334 455; x_wconf 83' lang='lat' dir='ltr'><strong>epistolam,</strong></span> <span class='ocrx_word' id='word_1_11' title='bbox 358 372 561 449; x_wconf 81' lang='lat' dir='ltr'><strong>evangelium,</strong></span> <span class='ocrx_word' id='word_1_12' title='bbox 584 371 789 443; x_wconf 81' lang='lat' dir='ltr'><strong>offortorium,</strong></span> <span class='ocrx_word' id='word_1_13' title='bbox 815 374 861 433; x_wconf 84' lang='lat' dir='ltr'><strong>rel</strong></span> <span class='ocrx_word' id='word_1_14' title='bbox 884 373 1059 436; x_wconf 75' lang='lat' dir='ltr'><strong>infusionem</strong></span> <span class='ocrx_word' id='word_1_15' title='bbox 1083 395 1166 453; x_wconf 80' lang='lat' dir='ltr'><strong>oque</strong></span> 
     </span>
    </p>
   </div>
   <div class='ocr_carea' id='block_1_2' title="bbox 135 455 1167 3714">
    <p class='ocr_par' dir='ltr' id='par_1_2' title="bbox 152 455 1165 1375">
     <span class='ocr_line' id='line_1_3' title="bbox 159 455 1165 522; baseline 0 -1"><span class='ocrx_word' id='word_1_16' title='bbox 159 463 191 522; x_wconf 92' lang='lat' dir='ltr'><strong>in</strong></span> <span class='ocrx_word' id='word_1_17' title='bbox 203 459 306 518; x_wconf 83' lang='lat' dir='ltr'><strong>vinum</strong></span> <span class='ocrx_word' id='word_1_18' title='bbox 319 455 562 515; x_wconf 86' lang='lat' dir='ltr'><strong>consecrandum.</strong></span> <span class='ocrx_word' id='word_1_19' title='bbox 573 457 695 515; x_wconf 83' lang='lat' dir='ltr'><strong>veniale</strong></span> <span class='ocrx_word' id='word_1_20' title='bbox 714 466 813 517; x_wconf 87' lang='lat' dir='ltr'><strong>temen</strong></span> <span class='ocrx_word' id='word_1_21' title='bbox 829 457 887 518; x_wconf 89' lang='lat' dir='ltr'><strong>erit</strong></span> <span class='ocrx_word' id='word_1_22' title='bbox 900 459 1035 520; x_wconf 90' lang='lat' dir='ltr'><strong>omittere</strong></span> <span class='ocrx_word' id='word_1_23' title='bbox 1048 459 1165 521; x_wconf 82' lang='lat' dir='ltr'><strong>tantitm</strong></span> 
     </span>
     <span class='ocr_line' id='line_1_4' title="bbox 158 536 1163 618; baseline 0.001 -15"><span class='ocrx_word' id='word_1_24' title='bbox 158 536 1163 618; x_wconf 79' lang='lat' dir='ltr'><strong>PsalmumJadica‚velericcici&#39;san,unamexcollectis,unamvel</strong></span> 
     </span>
     <span class='ocr_line' id='line_1_5' title="bbox 157 621 1163 704; baseline 0.005 -18"><span class='ocrx_word' id='word_1_25' title='bbox 157 626 279 702; x_wconf 86' lang='lat' dir='ltr'><strong>alteram</strong></span> <span class='ocrx_word' id='word_1_26' title='bbox 292 641 410 685; x_wconf 87' lang='lat' dir='ltr'><strong>crucem</strong></span> <span class='ocrx_word' id='word_1_27' title='bbox 422 640 512 701; x_wconf 90' lang='lat' dir='ltr'><strong>super</strong></span> <span class='ocrx_word' id='word_1_28' title='bbox 522 621 635 691; x_wconf 86' lang='lat' dir='ltr'><strong>oblata,</strong></span> <span class='ocrx_word' id='word_1_29' title='bbox 647 623 815 684; x_wconf 79' lang='lat' dir='ltr'><strong>tunsionem</strong></span> <span class='ocrx_word' id='word_1_30' title='bbox 827 628 969 704; x_wconf 77' lang='lat' dir='ltr'><strong>pectoris,</strong></span> <span class='ocrx_word' id='word_1_31' title='bbox 981 630 1028 689; x_wconf 85' lang='lat' dir='ltr'><strong>vel</strong></span> <span class='ocrx_word' id='word_1_32' title='bbox 1041 631 1163 694; x_wconf 76' lang='lat' dir='ltr'><strong>alrlutio·</strong></span> 
     </span>
     <span class='ocr_line' id='line_1_6' title="bbox 157 705 1162 791; baseline 0.008 -20"><span class='ocrx_word' id='word_1_33' title='bbox 157 724 226 771; x_wconf 84' lang='lat' dir='ltr'><strong>nem</strong></span> <span class='ocrx_word' id='word_1_34' title='bbox 237 708 415 785; x_wconf 74' lang='lat' dir='ltr'><strong>digitorum,</strong></span> <span class='ocrx_word' id='word_1_35' title='bbox 426 715 455 766; x_wconf 92' lang='lat' dir='ltr'><strong>ct</strong></span> <span class='ocrx_word' id='word_1_36' title='bbox 467 707 545 766; x_wconf 88' lang='lat' dir='ltr'><strong>idem</strong></span> <span class='ocrx_word' id='word_1_37' title='bbox 558 705 751 784; x_wconf 77' lang='lat' dir='ltr'><strong>probabiliter</strong></span> <span class='ocrx_word' id='word_1_38' title='bbox 761 709 864 770; x_wconf 91' lang='lat' dir='ltr'><strong>dieunt</strong></span> <span class='ocrx_word' id='word_1_39' title='bbox 874 710 998 791; x_wconf 78' lang='lat' dir='ltr'><strong>deLupc</strong></span> <span class='ocrx_word' id='word_1_40' title='bbox 1009 758 1017 783; x_wconf 87' lang='lat'><strong>,</strong></span> <span class='ocrx_word' id='word_1_41' title='bbox 1028 723 1057 775; x_wconf 89' lang='lat' dir='ltr'><strong>ct</strong></span> <span class='ocrx_word' id='word_1_42' title='bbox 1067 716 1114 776; x_wconf 89' lang='lat' dir='ltr'><strong>alii</strong></span> <span class='ocrx_word' id='word_1_43' title='bbox 1125 718 1162 779; x_wconf 91' lang='lat' dir='ltr'><strong>de</strong></span> 
     </span>
     <span class='ocr_line' id='line_1_7' title="bbox 155 786 1161 873; baseline 0.008 -19"><span class='ocrx_word' id='word_1_44' title='bbox 155 793 307 871; x_wconf 79' lang='lat' dir='ltr'><strong>evangelio</strong></span> <span class='ocrx_word' id='word_1_45' title='bbox 319 791 469 851; x_wconf 57' lang='lat' dir='ltr'><strong>succan.</strong></span> <span class='ocrx_word' id='word_1_46' title='bbox 483 786 515 868; x_wconf 84' lang='lat' dir='ltr'><strong>(l.</strong></span> <span class='ocrx_word' id='word_1_47' title='bbox 530 792 599 850; x_wconf 69' lang='lat' dir='ltr'><strong>ba.</strong></span> <span class='ocrx_word' id='word_1_48' title='bbox 613 789 707 868; x_wconf 67' lang='lat' dir='ltr'><strong>aba).</strong></span> <span class='ocrx_word' id='word_1_49' title='bbox 724 793 772 851; x_wconf 90' lang='lat' dir='ltr'><strong>Sic</strong></span> <span class='ocrx_word' id='word_1_50' title='bbox 787 812 906 873; x_wconf 88' lang='lat' dir='ltr'><strong>quoque</strong></span> <span class='ocrx_word' id='word_1_51' title='bbox 919 798 1032 857; x_wconf 86' lang='lat' dir='ltr'><strong>veniale</strong></span> <span class='ocrx_word' id='word_1_52' title='bbox 1046 800 1161 862; x_wconf 79' lang='lat' dir='ltr'><strong>natum</strong></span> 
     </span>
     <span class='ocr_line' id='line_1_8' title="bbox 155 872 1159 957; baseline 0.008 -20"><span class='ocrx_word' id='word_1_53' title='bbox 155 886 198 937; x_wconf 79' lang='lat' dir='ltr'><strong>est</strong></span> <span class='ocrx_word' id='word_1_54' title='bbox 213 876 351 935; x_wconf 88' lang='lat' dir='ltr'><strong>omittere</strong></span> <span class='ocrx_word' id='word_1_55' title='bbox 367 884 465 951; x_wconf 86' lang='lat' dir='ltr'><strong>partes</strong></span> <span class='ocrx_word' id='word_1_56' title='bbox 487 872 750 945; x_wconf 82' lang='lat' dir='ltr'><strong>extraordinarias,</strong></span> <span class='ocrx_word' id='word_1_57' title='bbox 764 875 808 937; x_wconf 82' lang='lat' dir='ltr'><strong>ull</strong></span> <span class='ocrx_word' id='word_1_58' title='bbox 826 887 896 938; x_wconf 89' lang='lat' dir='ltr'><strong>sunt</strong></span> <span class='ocrx_word' id='word_1_59' title='bbox 909 875 1030 951; x_wconf 79' lang='lat' dir='ltr'><strong>Gloria,</strong></span> <span class='ocrx_word' id='word_1_60' title='bbox 1052 883 1159 957; x_wconf 84' lang='lat' dir='ltr'><strong>Credo,</strong></span> 
     </span>
     <span class='ocr_line' id='line_1_9' title="bbox 153 958 1160 1038; baseline 0.009 -20"><span class='ocrx_word' id='word_1_61' title='bbox 153 959 331 1038; x_wconf 57' lang='lat' dir='ltr'><strong>mouentia,</strong></span> <span class='ocrx_word' id='word_1_62' title='bbox 353 960 499 1025; x_wconf 78' lang='lat' dir='ltr'><strong>Tractus,</strong></span> <span class='ocrx_word' id='word_1_63' title='bbox 514 958 665 1034; x_wconf 87' lang='lat' dir='ltr'><strong>propriam</strong></span> <span class='ocrx_word' id='word_1_64' title='bbox 683 959 900 1034; x_wconf 72' lang='lat' dir='ltr'><strong>prelationem,</strong></span> <span class='ocrx_word' id='word_1_65' title='bbox 919 970 970 1021; x_wconf 89' lang='lat' dir='ltr'><strong>out</strong></span> <span class='ocrx_word' id='word_1_66' title='bbox 991 964 1160 1027; x_wconf 81' lang='lat' dir='ltr'><strong>Comruuni-</strong></span> 
     </span>
     <span class='ocr_line' id='line_1_10' title="bbox 153 1038 1158 1120; baseline 0.001 -15"><span class='ocrx_word' id='word_1_67' title='bbox 153 1051 270 1114; x_wconf 73' lang='lat' dir='ltr'><strong>mate,</strong></span> <span class='ocrx_word' id='word_1_68' title='bbox 291 1049 321 1101; x_wconf 89' lang='lat' dir='ltr'><strong>et</strong></span> <span class='ocrx_word' id='word_1_69' title='bbox 337 1042 425 1102; x_wconf 82' lang='lat' dir='ltr'><strong>Hane</strong></span> <span class='ocrx_word' id='word_1_70' title='bbox 443 1038 538 1119; x_wconf 80' lang='lat' dir='ltr'><strong>iqitur</strong></span> <span class='ocrx_word' id='word_1_71' title='bbox 556 1042 674 1119; x_wconf 89' lang='lat' dir='ltr'><strong>propria</strong></span> <span class='ocrx_word' id='word_1_72' title='bbox 686 1063 695 1117; x_wconf 81' lang='lat'><em>3</em></span> <span class='ocrx_word' id='word_1_73' title='bbox 707 1042 747 1102; x_wconf 88' lang='lat' dir='ltr'><strong>ita</strong></span> <span class='ocrx_word' id='word_1_74' title='bbox 761 1046 958 1104; x_wconf 89' lang='lat' dir='ltr'><strong>communiter</strong></span> <span class='ocrx_word' id='word_1_75' title='bbox 968 1064 1088 1120; x_wconf 88' lang='lat' dir='ltr'><strong>omnes,</strong></span> <span class='ocrx_word' id='word_1_76' title='bbox 1103 1047 1158 1120; x_wconf 84' lang='lat' dir='ltr'><strong>nisi</strong></span> 
     </span>
     <span class='ocr_line' id='line_1_11' title="bbox 153 1125 1159 1206; baseline 0.011 -21"><span class='ocrx_word' id='word_1_77' title='bbox 153 1133 198 1187; x_wconf 92' lang='lat' dir='ltr'><strong>tot</strong></span> <span class='ocrx_word' id='word_1_78' title='bbox 222 1134 320 1204; x_wconf 90' lang='lat' dir='ltr'><strong>partes</strong></span> <span class='ocrx_word' id='word_1_79' title='bbox 343 1125 538 1195; x_wconf 84' lang='lat' dir='ltr'><strong>omittantur,</strong></span> <span class='ocrx_word' id='word_1_80' title='bbox 561 1142 628 1200; x_wconf 87' lang='lat' dir='ltr'><strong>quae</strong></span> <span class='ocrx_word' id='word_1_81' title='bbox 652 1126 740 1185; x_wconf 87' lang='lat' dir='ltr'><strong>simul</strong></span> <span class='ocrx_word' id='word_1_82' title='bbox 762 1136 886 1206; x_wconf 87' lang='lat' dir='ltr'><strong>sumptae</strong></span> <span class='ocrx_word' id='word_1_83' title='bbox 911 1130 1069 1191; x_wconf 80' lang='lat' dir='ltr'><strong>notabilem</strong></span> <span class='ocrx_word' id='word_1_84' title='bbox 1090 1153 1159 1196; x_wconf 92' lang='lat' dir='ltr'><strong>con·</strong></span> 
     </span>
     <span class='ocr_line' id='line_1_12' title="bbox 152 1206 1156 1296; baseline 0.009 -26"><span class='ocrx_word' id='word_1_85' title='bbox 152 1209 500 1278; x_wconf 74' lang='lat' dir='ltr'><strong>ultramuraneum,</strong></span> <span class='ocrx_word' id='word_1_86' title='bbox 520 1214 555 1266; x_wconf 86' lang='lat' dir='ltr'><strong>ut</strong></span> <span class='ocrx_word' id='word_1_87' title='bbox 578 1206 653 1267; x_wconf 84' lang='lat' dir='ltr'><strong>bcnb</strong></span> <span class='ocrx_word' id='word_1_88' title='bbox 676 1210 834 1271; x_wconf 88' lang='lat' dir='ltr'><strong>advertunt</strong></span> <span class='ocrx_word' id='word_1_89' title='bbox 850 1214 935 1273; x_wconf 81' lang='lat' dir='ltr'><strong>Cotto.</strong></span> <span class='ocrx_word' id='word_1_90' title='bbox 956 1222 985 1273; x_wconf 91' lang='lat' dir='ltr'><strong>et</strong></span> <span class='ocrx_word' id='word_1_91' title='bbox 998 1216 1156 1296; x_wconf 76' lang='lat' dir='ltr'><strong>Wipaadt,</strong></span> 
     </span>
     <span class='ocr_line' id='line_1_13' title="bbox 152 1286 981 1375; baseline 0.006 -22"><span class='ocrx_word' id='word_1_92' title='bbox 152 1292 299 1373; x_wconf 88' lang='lat' dir='ltr'><strong>quidquid</strong></span> <span class='ocrx_word' id='word_1_93' title='bbox 320 1292 419 1351; x_wconf 86' lang='lat' dir='ltr'><strong>dicent</strong></span> <span class='ocrx_word' id='word_1_94' title='bbox 438 1286 568 1364; x_wconf 79' lang='lat' dir='ltr'><strong>Quarti,</strong></span> <span class='ocrx_word' id='word_1_95' title='bbox 586 1298 616 1350; x_wconf 85' lang='lat' dir='ltr'><strong>et</strong></span> <span class='ocrx_word' id='word_1_96' title='bbox 633 1294 724 1373; x_wconf 81' lang='lat' dir='ltr'><strong>Paoq.</strong></span> <span class='ocrx_word' id='word_1_97' title='bbox 744 1291 778 1372; x_wconf 78' lang='lat' dir='ltr'><strong>(i.</strong></span> <span class='ocrx_word' id='word_1_98' title='bbox 795 1314 820 1355; x_wconf 89' lang='lat' dir='ltr'><strong>a.</strong></span> <span class='ocrx_word' id='word_1_99' title='bbox 838 1315 870 1356; x_wconf 84' lang='lat' dir='ltr'><strong>a.</strong></span> <span class='ocrx_word' id='word_1_100' title='bbox 889 1296 981 1375; x_wconf 71' lang='lat' dir='ltr'><strong>loe).</strong></span> 
     </span>
    </p>

    <p class='ocr_par' dir='ltr' id='par_1_3' title="bbox 135 1373 1167 3714">
     <span class='ocr_line' id='line_1_14' title="bbox 190 1373 1158 1456; baseline 0.011 -20"><span class='ocrx_word' id='word_1_101' title='bbox 190 1378 259 1438; x_wconf 65' lang='lat' dir='ltr'><strong>lib.</strong></span> <span class='ocrx_word' id='word_1_102' title='bbox 279 1407 319 1421; x_wconf 91' lang='lat'><em>-</em></span> <span class='ocrx_word' id='word_1_103' title='bbox 339 1373 510 1436; x_wconf 81' lang='lat' dir='ltr'><strong>Notandum</strong></span> <span class='ocrx_word' id='word_1_104' title='bbox 537 1374 574 1433; x_wconf 75' lang='grc'><strong>4.·</strong></span> <span class='ocrx_word' id='word_1_105' title='bbox 591 1373 742 1451; x_wconf 70' lang='lat' dir='ltr'><strong>prohiberi</strong></span> <span class='ocrx_word' id='word_1_106' title='bbox 771 1380 870 1439; x_wconf 86' lang='lat' dir='ltr'><strong>Missas</strong></span> <span class='ocrx_word' id='word_1_107' title='bbox 899 1382 1027 1456; x_wconf 85' lang='lat' dir='ltr'><strong>votivas,</strong></span> <span class='ocrx_word' id='word_1_108' title='bbox 1050 1384 1098 1445; x_wconf 83' lang='lat' dir='ltr'><strong>vel</strong></span> <span class='ocrx_word' id='word_1_109' title='bbox 1122 1385 1158 1448; x_wconf 85' lang='lat' dir='ltr'><strong>de</strong></span> 
     </span>
     <span class='ocr_line' id='line_1_15' title="bbox 152 1457 1157 1543; baseline 0.007 -21"><span class='ocrx_word' id='word_1_110' title='bbox 152 1460 279 1543; x_wconf 79' lang='lat' dir='ltr'><strong>requiem</strong></span> <span class='ocrx_word' id='word_1_111' title='bbox 295 1460 327 1520; x_wconf 89' lang='lat' dir='ltr'><strong>in</strong></span> <span class='ocrx_word' id='word_1_112' title='bbox 345 1457 525 1529; x_wconf 86' lang='lat' dir='ltr'><strong>Dominicis,</strong></span> <span class='ocrx_word' id='word_1_113' title='bbox 541 1466 571 1518; x_wconf 92' lang='lat' dir='ltr'><strong>ot</strong></span> <span class='ocrx_word' id='word_1_114' title='bbox 588 1458 667 1519; x_wconf 81' lang='lat' dir='ltr'><strong>lestis</strong></span> <span class='ocrx_word' id='word_1_115' title='bbox 688 1460 872 1540; x_wconf 87' lang='lat' dir='ltr'><strong>duplicibus,</strong></span> <span class='ocrx_word' id='word_1_116' title='bbox 886 1471 973 1542; x_wconf 84' lang='lat' dir='ltr'><strong>etque</strong></span> <span class='ocrx_word' id='word_1_117' title='bbox 995 1468 1027 1525; x_wconf 91' lang='lat' dir='ltr'><strong>iu</strong></span> <span class='ocrx_word' id='word_1_118' title='bbox 1048 1471 1157 1530; x_wconf 87' lang='lat' dir='ltr'><strong>octavis</strong></span> 
     </span>
     <span class='ocr_line' id='line_1_16' title="bbox 150 1542 1157 1630; baseline 0.007 -25"><span class='ocrx_word' id='word_1_119' title='bbox 150 1543 362 1623; x_wconf 67' lang='lat' dir='ltr'><strong>privilegiatiss</strong></span> <span class='ocrx_word' id='word_1_120' title='bbox 384 1542 441 1602; x_wconf 88' lang='lat' dir='ltr'><strong>nisi</strong></span> <span class='ocrx_word' id='word_1_121' title='bbox 468 1559 572 1620; x_wconf 55' lang='lat' dir='ltr'><strong>moves</strong></span> <span class='ocrx_word' id='word_1_122' title='bbox 589 1552 715 1621; x_wconf 82' lang='lat' dir='ltr'><strong>urgeant</strong></span> <span class='ocrx_word' id='word_1_123' title='bbox 730 1565 840 1620; x_wconf 85' lang='lat' dir='ltr'><strong>causae,</strong></span> <span class='ocrx_word' id='word_1_124' title='bbox 869 1565 979 1626; x_wconf 85' lang='lat' dir='ltr'><strong>nempe</strong></span> <span class='ocrx_word' id='word_1_125' title='bbox 1001 1551 1026 1609; x_wconf 91' lang='lat' dir='ltr'><strong>si</strong></span> <span class='ocrx_word' id='word_1_126' title='bbox 1054 1560 1157 1630; x_wconf 76' lang='lat' dir='ltr'><strong>urgeat</strong></span> 
     </span>
     <span class='ocr_line' id='line_1_17' title="bbox 150 1626 1159 1711; baseline 0.007 -22"><span class='ocrx_word' id='word_1_127' title='bbox 150 1628 266 1708; x_wconf 86' lang='lat' dir='ltr'><strong>publico</strong></span> <span class='ocrx_word' id='word_1_128' title='bbox 285 1627 461 1698; x_wconf 76' lang='lat' dir='ltr'><strong>necessitas,</strong></span> <span class='ocrx_word' id='word_1_129' title='bbox 484 1628 509 1685; x_wconf 91' lang='lat' dir='ltr'><strong>si</strong></span> <span class='ocrx_word' id='word_1_130' title='bbox 525 1626 579 1687; x_wconf 85' lang='lat' dir='ltr'><strong>fiat</strong></span> <span class='ocrx_word' id='word_1_131' title='bbox 601 1629 745 1704; x_wconf 83' lang='lat' dir='ltr'><strong>expositio</strong></span> <span class='ocrx_word' id='word_1_132' title='bbox 765 1631 817 1690; x_wconf 88' lang='lat' dir='ltr'><strong>SS.</strong></span> <span class='ocrx_word' id='word_1_133' title='bbox 839 1631 1017 1692; x_wconf 71' lang='lat' dir='ltr'><strong>Soet-ementi</strong></span> <span class='ocrx_word' id='word_1_134' title='bbox 1041 1650 1095 1711; x_wconf 83' lang='lat' dir='ltr'><strong>pec</strong></span> <span class='ocrx_word' id='word_1_135' title='bbox 1116 1637 1159 1697; x_wconf 78' lang='lat' dir='ltr'><strong>bb</strong></span> 
     </span>
     <span class='ocr_line' id='line_1_18' title="bbox 149 1709 1156 1788; baseline 0.007 -15"><span class='ocrx_word' id='word_1_136' title='bbox 149 1712 253 1783; x_wconf 86' lang='lat' dir='ltr'><strong>bores,</strong></span> <span class='ocrx_word' id='word_1_137' title='bbox 267 1713 339 1774; x_wconf 85' lang='lat' dir='ltr'><strong>itero</strong></span> <span class='ocrx_word' id='word_1_138' title='bbox 349 1710 381 1769; x_wconf 91' lang='lat' dir='ltr'><strong>in</strong></span> <span class='ocrx_word' id='word_1_139' title='bbox 391 1709 439 1769; x_wconf 90' lang='lat' dir='ltr'><strong>die</strong></span> <span class='ocrx_word' id='word_1_140' title='bbox 449 1709 548 1769; x_wconf 86' lang='lat' dir='ltr'><strong>obitirs</strong></span> <span class='ocrx_word' id='word_1_141' title='bbox 559 1715 703 1785; x_wconf 73' lang='lat' dir='ltr'><strong>praesente</strong></span> <span class='ocrx_word' id='word_1_142' title='bbox 722 1711 877 1788; x_wconf 86' lang='lat' dir='ltr'><strong>cadavere,</strong></span> <span class='ocrx_word' id='word_1_143' title='bbox 890 1723 946 1773; x_wconf 91' lang='lat' dir='ltr'><strong>otc.</strong></span> <span class='ocrx_word' id='word_1_144' title='bbox 962 1736 970 1774; x_wconf 79' lang='lat' dir='ltr'><strong>r</strong></span> <span class='ocrx_word' id='word_1_145' title='bbox 985 1713 1047 1777; x_wconf 88' lang='lat' dir='ltr'><strong>brec</strong></span> <span class='ocrx_word' id='word_1_146' title='bbox 1057 1727 1156 1781; x_wconf 83' lang='lat' dir='ltr'><strong>autent</strong></span> 
     </span>
     <span class='ocr_line' id='line_1_19' title="bbox 149 1790 1153 1878; baseline 0.005 -20"><span class='ocrx_word' id='word_1_147' title='bbox 149 1796 339 1874; x_wconf 77' lang='lat' dir='ltr'><strong>intelligenda</strong></span> <span class='ocrx_word' id='word_1_148' title='bbox 351 1793 465 1854; x_wconf 76' lang='lat' dir='ltr'><strong>tantiam</strong></span> <span class='ocrx_word' id='word_1_149' title='bbox 478 1793 515 1854; x_wconf 88' lang='lat' dir='ltr'><strong>dc</strong></span> <span class='ocrx_word' id='word_1_150' title='bbox 528 1795 612 1852; x_wconf 83' lang='lat' dir='ltr'><strong>Missa</strong></span> <span class='ocrx_word' id='word_1_151' title='bbox 621 1793 746 1853; x_wconf 89' lang='lat' dir='ltr'><strong>solemni</strong></span> <span class='ocrx_word' id='word_1_152' title='bbox 755 1790 787 1873; x_wconf 84' lang='lat' dir='ltr'><strong>(i.</strong></span> <span class='ocrx_word' id='word_1_153' title='bbox 803 1814 828 1855; x_wconf 92' lang='lat' dir='ltr'><strong>c.</strong></span> <span class='ocrx_word' id='word_1_154' title='bbox 841 1815 874 1857; x_wconf 87' lang='lat' dir='ltr'><strong>a.</strong></span> <span class='ocrx_word' id='word_1_155' title='bbox 883 1798 983 1878; x_wconf 77' lang='lat' dir='ltr'><strong>tul.);</strong></span> <span class='ocrx_word' id='word_1_156' title='bbox 1003 1818 1041 1860; x_wconf 88' lang='lat' dir='ltr'><strong>un</strong></span> <span class='ocrx_word' id='word_1_157' title='bbox 1056 1813 1153 1863; x_wconf 87' lang='lat' dir='ltr'><strong>autem</strong></span> 
     </span>
     <span class='ocr_line' id='line_1_20' title="bbox 147 1877 1154 1966; baseline 0.004 -25"><span class='ocrx_word' id='word_1_158' title='bbox 147 1882 180 1941; x_wconf 88' lang='lat' dir='ltr'><strong>in</strong></span> <span class='ocrx_word' id='word_1_159' title='bbox 202 1879 348 1958; x_wconf 78' lang='lat' dir='ltr'><strong>praedictis</strong></span> <span class='ocrx_word' id='word_1_160' title='bbox 371 1878 451 1937; x_wconf 87' lang='lat' dir='ltr'><strong>iestis</strong></span> <span class='ocrx_word' id='word_1_161' title='bbox 472 1884 611 1936; x_wconf 83' lang='lat' dir='ltr'><strong>vetentur</strong></span> <span class='ocrx_word' id='word_1_162' title='bbox 633 1877 727 1937; x_wconf 85' lang='lat' dir='ltr'><strong>blissoe</strong></span> <span class='ocrx_word' id='word_1_163' title='bbox 748 1880 853 1940; x_wconf 83' lang='lat' dir='ltr'><strong>votivae</strong></span> <span class='ocrx_word' id='word_1_164' title='bbox 873 1882 928 1941; x_wconf 90' lang='lat' dir='ltr'><strong>sub</strong></span> <span class='ocrx_word' id='word_1_165' title='bbox 946 1885 1027 1960; x_wconf 80' lang='lat' dir='ltr'><strong>gravi</strong></span> <span class='ocrx_word' id='word_1_166' title='bbox 1044 1888 1154 1966; x_wconf 80' lang='lat' dir='ltr'><strong>culpa?</strong></span> 
     </span>
     <span class='ocr_line' id='line_1_21' title="bbox 146 1960 1150 2048; baseline 0.011 -26"><span class='ocrx_word' id='word_1_167' title='bbox 146 1966 262 2042; x_wconf 71' lang='lat' dir='ltr'><strong>Negent</strong></span> <span class='ocrx_word' id='word_1_168' title='bbox 277 1961 472 2023; x_wconf 86' lang='lat' dir='ltr'><strong>communiter</strong></span> <span class='ocrx_word' id='word_1_169' title='bbox 484 1963 583 2038; x_wconf 77' lang='lat' dir='ltr'><strong>capo,</strong></span> <span class='ocrx_word' id='word_1_170' title='bbox 601 1960 690 2020; x_wconf 86' lang='lat' dir='ltr'><strong>Saar.</strong></span> <span class='ocrx_word' id='word_1_171' title='bbox 705 1962 782 2022; x_wconf 84' lang='lat' dir='ltr'><strong>lion.</strong></span> <span class='ocrx_word' id='word_1_172' title='bbox 811 1962 913 2026; x_wconf 80' lang='lat' dir='ltr'><strong>Etcob.</strong></span> <span class='ocrx_word' id='word_1_173' title='bbox 937 1963 1030 2028; x_wconf 83' lang='lat' dir='ltr'><strong>Saba.</strong></span> <span class='ocrx_word' id='word_1_174' title='bbox 1048 1970 1150 2048; x_wconf 80' lang='lat' dir='ltr'><strong>Rana,</strong></span> 
     </span>
     <span class='ocr_line' id='line_1_22' title="bbox 146 2041 1153 2126; baseline 0.006 -17"><span class='ocrx_word' id='word_1_175' title='bbox 146 2047 239 2109; x_wconf 87' lang='lat' dir='ltr'><strong>etalii</strong></span> <span class='ocrx_word' id='word_1_176' title='bbox 258 2048 370 2126; x_wconf 87' lang='lat' dir='ltr'><strong>plures.</strong></span> <span class='ocrx_word' id='word_1_177' title='bbox 388 2043 476 2105; x_wconf 81' lang='lat' dir='ltr'><strong>Reetb</strong></span> <span class='ocrx_word' id='word_1_178' title='bbox 495 2041 566 2103; x_wconf 85' lang='lat' dir='ltr'><strong>verb</strong></span> <span class='ocrx_word' id='word_1_179' title='bbox 583 2044 837 2118; x_wconf 80' lang='lat' dir='ltr'><strong>limitantllsaob.</strong></span> <span class='ocrx_word' id='word_1_180' title='bbox 864 2056 893 2109; x_wconf 91' lang='lat' dir='ltr'><strong>et</strong></span> <span class='ocrx_word' id='word_1_181' title='bbox 913 2050 1017 2122; x_wconf 71' lang='lat' dir='ltr'><strong>licam,</strong></span> <span class='ocrx_word' id='word_1_182' title='bbox 1038 2052 1062 2112; x_wconf 88' lang='lat' dir='ltr'><strong>si</strong></span> <span class='ocrx_word' id='word_1_183' title='bbox 1082 2063 1153 2117; x_wconf 91' lang='lat' dir='ltr'><strong>tunc</strong></span> 
     </span>
     <span class='ocr_line' id='line_1_23' title="bbox 146 2123 1153 2213; baseline 0.004 -18"><span class='ocrx_word' id='word_1_184' title='bbox 146 2140 281 2195; x_wconf 83' lang='lat' dir='ltr'><strong>occurrat</strong></span> <span class='ocrx_word' id='word_1_185' title='bbox 292 2132 399 2191; x_wconf 73' lang='lat' dir='ltr'><strong>iustum</strong></span> <span class='ocrx_word' id='word_1_186' title='bbox 418 2130 549 2190; x_wconf 88' lang='lat' dir='ltr'><strong>solemne</strong></span> <span class='ocrx_word' id='word_1_187' title='bbox 562 2128 666 2188; x_wconf 88' lang='lat' dir='ltr'><strong>saltem</strong></span> <span class='ocrx_word' id='word_1_188' title='bbox 678 2123 799 2209; x_wconf 85' lang='lat' dir='ltr'><strong>propter</strong></span> <span class='ocrx_word' id='word_1_189' title='bbox 811 2150 900 2210; x_wconf 76' lang='lat' dir='ltr'><strong>grave</strong></span> <span class='ocrx_word' id='word_1_190' title='bbox 918 2137 1019 2213; x_wconf 92' lang='lat' dir='ltr'><strong>populi</strong></span> <span class='ocrx_word' id='word_1_191' title='bbox 1033 2139 1153 2199; x_wconf 84' lang='lat' dir='ltr'><strong>scanda-</strong></span> 
     </span>
     <span class='ocr_line' id='line_1_24' title="bbox 145 2214 1153 2300; baseline 0.005 -20"><span class='ocrx_word' id='word_1_192' title='bbox 145 2219 222 2280; x_wconf 87' lang='lat' dir='ltr'><strong>lom.</strong></span> <span class='ocrx_word' id='word_1_193' title='bbox 247 2215 311 2278; x_wconf 89' lang='lat' dir='ltr'><strong>lmb</strong></span> <span class='ocrx_word' id='word_1_194' title='bbox 334 2217 367 2275; x_wconf 87' lang='lat' dir='ltr'><strong>in</strong></span> <span class='ocrx_word' id='word_1_195' title='bbox 397 2215 478 2274; x_wconf 86' lang='lat' dir='ltr'><strong>iestis</strong></span> <span class='ocrx_word' id='word_1_196' title='bbox 507 2214 673 2291; x_wconf 85' lang='lat' dir='ltr'><strong>duplicibus</strong></span> <span class='ocrx_word' id='word_1_197' title='bbox 695 2218 789 2276; x_wconf 83' lang='lat' dir='ltr'><strong>llissae</strong></span> <span class='ocrx_word' id='word_1_198' title='bbox 810 2217 844 2278; x_wconf 88' lang='lat' dir='ltr'><strong>de</strong></span> <span class='ocrx_word' id='word_1_199' title='bbox 867 2220 996 2300; x_wconf 83' lang='lat' dir='ltr'><strong>requiem</strong></span> <span class='ocrx_word' id='word_1_200' title='bbox 1020 2221 1153 2285; x_wconf 80' lang='lat' dir='ltr'><strong>districte</strong></span> 
     </span>
     <span class='ocr_line' id='line_1_25' title="bbox 144 2299 1151 2382; baseline 0.005 -22"><span class='ocrx_word' id='word_1_201' title='bbox 144 2301 342 2382; x_wconf 85' lang='lat' dir='ltr'><strong>prohibentur</strong></span> <span class='ocrx_word' id='word_1_202' title='bbox 353 2299 385 2362; x_wconf 88' lang='lat' dir='ltr'><strong>in</strong></span> <span class='ocrx_word' id='word_1_203' title='bbox 395 2299 514 2360; x_wconf 90' lang='lat' dir='ltr'><strong>decreto</strong></span> <span class='ocrx_word' id='word_1_204' title='bbox 531 2302 610 2359; x_wconf 74' lang='lat' dir='ltr'><strong>eaor.</strong></span> <span class='ocrx_word' id='word_1_205' title='bbox 624 2301 733 2378; x_wconf 79' lang='lat' dir='ltr'><strong>congr.</strong></span> <span class='ocrx_word' id='word_1_206' title='bbox 745 2303 906 2378; x_wconf 85' lang='lat' dir='ltr'><strong>approbato</strong></span> <span class='ocrx_word' id='word_1_207' title='bbox 919 2302 957 2360; x_wconf 87' lang='lat' dir='ltr'><strong>nb</strong></span> <span class='ocrx_word' id='word_1_208' title='bbox 972 2300 1055 2362; x_wconf 83' lang='lat' dir='ltr'><strong>Alea.</strong></span> <span class='ocrx_word' id='word_1_209' title='bbox 1072 2306 1151 2382; x_wconf 78' lang='lat' dir='ltr'><strong>tut,-</strong></span> 
     </span>
     <span class='ocr_line' id='line_1_26' title="bbox 144 2382 1151 2465; baseline 0 -18"><span class='ocrx_word' id='word_1_210' title='bbox 144 2388 178 2448; x_wconf 89' lang='lat' dir='ltr'><strong>in</strong></span> <span class='ocrx_word' id='word_1_211' title='bbox 190 2386 325 2465; x_wconf 89' lang='lat' dir='ltr'><strong>pluribus</strong></span> <span class='ocrx_word' id='word_1_212' title='bbox 340 2392 440 2444; x_wconf 87' lang='lat' dir='ltr'><strong>eutem</strong></span> <span class='ocrx_word' id='word_1_213' title='bbox 459 2382 571 2442; x_wconf 81' lang='lat' dir='ltr'><strong>casibus</strong></span> <span class='ocrx_word' id='word_1_214' title='bbox 583 2384 694 2443; x_wconf 86' lang='lat' dir='ltr'><strong>cantari</strong></span> <span class='ocrx_word' id='word_1_215' title='bbox 707 2394 829 2460; x_wconf 66' lang='lat' dir='ltr'><strong>pomum</strong></span> <span class='ocrx_word' id='word_1_216' title='bbox 842 2387 934 2444; x_wconf 78' lang='lat' dir='ltr'><strong>Missae</strong></span> <span class='ocrx_word' id='word_1_217' title='bbox 944 2385 1151 2447; x_wconf 81' lang='lat' dir='ltr'><strong>detunctorum</strong></span> 
     </span>
     <span class='ocr_line' id='line_1_27' title="bbox 144 2463 1151 2548; baseline 0 -18"><span class='ocrx_word' id='word_1_218' title='bbox 144 2469 178 2532; x_wconf 83' lang='lat' dir='ltr'><strong>io</strong></span> <span class='ocrx_word' id='word_1_219' title='bbox 199 2468 368 2546; x_wconf 86' lang='lat' dir='ltr'><strong>duplicibus</strong></span> <span class='ocrx_word' id='word_1_220' title='bbox 387 2470 475 2527; x_wconf 86' lang='lat' dir='ltr'><strong>etiam</strong></span> <span class='ocrx_word' id='word_1_221' title='bbox 496 2463 674 2542; x_wconf 85' lang='lat' dir='ltr'><strong>majoribus,</strong></span> <span class='ocrx_word' id='word_1_222' title='bbox 689 2467 779 2526; x_wconf 88' lang='lat' dir='ltr'><strong>soille.</strong></span> <span class='ocrx_word' id='word_1_223' title='bbox 794 2470 824 2527; x_wconf 87' lang='lat' dir='ltr'><strong>l.</strong></span> <span class='ocrx_word' id='word_1_224' title='bbox 838 2470 871 2527; x_wconf 92' lang='lat' dir='ltr'><strong>ln</strong></span> <span class='ocrx_word' id='word_1_225' title='bbox 890 2469 938 2528; x_wconf 90' lang='lat' dir='ltr'><strong>die</strong></span> <span class='ocrx_word' id='word_1_226' title='bbox 954 2467 1051 2528; x_wconf 84' lang='lat' dir='ltr'><strong>obitbs</strong></span> <span class='ocrx_word' id='word_1_227' title='bbox 1073 2488 1151 2548; x_wconf 83' lang='lat' dir='ltr'><strong>prae·</strong></span> 
     </span>
     <span class='ocr_line' id='line_1_28' title="bbox 144 2548 1149 2627; baseline 0.003 -15"><span class='ocrx_word' id='word_1_228' title='bbox 144 2552 395 2627; x_wconf 81' lang='lat' dir='ltr'><strong>sentecadavere3</strong></span> <span class='ocrx_word' id='word_1_229' title='bbox 405 2548 633 2614; x_wconf 83' lang='lat' dir='ltr'><strong>ethoeetiemin</strong></span> <span class='ocrx_word' id='word_1_230' title='bbox 644 2549 813 2620; x_wconf 76' lang='lat' dir='ltr'><strong>bomiuler,</strong></span> <span class='ocrx_word' id='word_1_231' title='bbox 823 2552 981 2610; x_wconf 84' lang='lat' dir='ltr'><strong>velinaliis</strong></span> <span class='ocrx_word' id='word_1_232' title='bbox 993 2553 1149 2616; x_wconf 87' lang='lat' dir='ltr'><strong>solemnio·</strong></span> 
     </span>
     <span class='ocr_line' id='line_1_29' title="bbox 142 2630 1148 2710; baseline 0.002 -14"><span class='ocrx_word' id='word_1_233' title='bbox 142 2635 245 2707; x_wconf 83' lang='lat' dir='ltr'><strong>ribus,</strong></span> <span class='ocrx_word' id='word_1_234' title='bbox 259 2633 347 2695; x_wconf 88' lang='lat' dir='ltr'><strong>medb</strong></span> <span class='ocrx_word' id='word_1_235' title='bbox 364 2650 425 2694; x_wconf 89' lang='lat' dir='ltr'><strong>non</strong></span> <span class='ocrx_word' id='word_1_236' title='bbox 437 2633 496 2692; x_wconf 88' lang='lat' dir='ltr'><strong>sint</strong></span> <span class='ocrx_word' id='word_1_237' title='bbox 507 2634 536 2691; x_wconf 87' lang='lat' dir='ltr'><strong>l.</strong></span> <span class='ocrx_word' id='word_1_238' title='bbox 553 2631 662 2690; x_wconf 86' lang='lat' dir='ltr'><strong>classis.</strong></span> <span class='ocrx_word' id='word_1_239' title='bbox 674 2633 703 2691; x_wconf 70' lang='lat'><strong>2.</strong></span> <span class='ocrx_word' id='word_1_240' title='bbox 715 2630 791 2692; x_wconf 83' lang='lat' dir='ltr'><strong>Cbm</strong></span> <span class='ocrx_word' id='word_1_241' title='bbox 804 2632 935 2710; x_wconf 84' lang='lat' dir='ltr'><strong>primitm</strong></span> <span class='ocrx_word' id='word_1_242' title='bbox 946 2633 1044 2694; x_wconf 85' lang='lat' dir='ltr'><strong>habita</strong></span> <span class='ocrx_word' id='word_1_243' title='bbox 1057 2638 1148 2699; x_wconf 84' lang='lat' dir='ltr'><strong>fuerit</strong></span> 
     </span>
     <span class='ocr_line' id='line_1_30' title="bbox 142 2714 1144 2791; baseline 0.002 -12"><span class='ocrx_word' id='word_1_244' title='bbox 142 2714 505 2791; x_wconf 80' lang='lat' dir='ltr'><strong>notitiaobittiselicujus.</strong></span> <span class='ocrx_word' id='word_1_245' title='bbox 523 2715 815 2775; x_wconf 76' lang='lat' dir='ltr'><strong>5.1naantversart0</strong></span> <span class='ocrx_word' id='word_1_246' title='bbox 834 2716 936 2776; x_wconf 91' lang='lat' dir='ltr'><strong>relicto</strong></span> <span class='ocrx_word' id='word_1_247' title='bbox 957 2716 974 2777; x_wconf 83' lang='lat' dir='ltr'><strong>b</strong></span> <span class='ocrx_word' id='word_1_248' title='bbox 996 2728 1144 2781; x_wconf 87' lang='lat' dir='ltr'><strong>testatore.</strong></span> 
     </span>
     <span class='ocr_line' id='line_1_31' title="bbox 140 2793 1148 2876; baseline 0.002 -13"><span class='ocrx_word' id='word_1_249' title='bbox 140 2802 218 2863; x_wconf 88' lang='lat' dir='ltr'><strong>ltcm</strong></span> <span class='ocrx_word' id='word_1_250' title='bbox 232 2803 264 2860; x_wconf 90' lang='lat' dir='ltr'><strong>in</strong></span> <span class='ocrx_word' id='word_1_251' title='bbox 276 2793 325 2860; x_wconf 90' lang='lat' dir='ltr'><strong>die</strong></span> <span class='ocrx_word' id='word_1_252' title='bbox 341 2801 429 2859; x_wconf 88' lang='lat' dir='ltr'><strong>tertio</strong></span> <span class='ocrx_word' id='word_1_253' title='bbox 437 2843 448 2874; x_wconf 95' lang='lat'><strong>,</strong></span> <span class='ocrx_word' id='word_1_254' title='bbox 470 2798 595 2876; x_wconf 88' lang='lat' dir='ltr'><strong>septimo</strong></span> <span class='ocrx_word' id='word_1_255' title='bbox 606 2806 637 2856; x_wconf 86' lang='lat' dir='ltr'><strong>et</strong></span> <span class='ocrx_word' id='word_1_256' title='bbox 649 2799 799 2874; x_wconf 80' lang='lat' dir='ltr'><strong>trigesimo</strong></span> <span class='ocrx_word' id='word_1_257' title='bbox 811 2819 820 2857; x_wconf 75' lang='grc' dir='ltr'><strong><em>ε</em></strong></span> <span class='ocrx_word' id='word_1_258' title='bbox 833 2798 858 2858; x_wconf 90' lang='lat' dir='ltr'><strong>si</strong></span> <span class='ocrx_word' id='word_1_259' title='bbox 869 2799 941 2860; x_wconf 84' lang='lat' dir='ltr'><strong>verb</strong></span> <span class='ocrx_word' id='word_1_260' title='bbox 953 2799 985 2861; x_wconf 90' lang='lat' dir='ltr'><strong>bi</strong></span> <span class='ocrx_word' id='word_1_261' title='bbox 998 2803 1060 2863; x_wconf 89' lang='lat' dir='ltr'><strong>dics</strong></span> <span class='ocrx_word' id='word_1_262' title='bbox 1074 2806 1148 2865; x_wconf 87' lang='lat' dir='ltr'><strong>acci·</strong></span> 
     </span>
     <span class='ocr_line' id='line_1_32' title="bbox 141 2880 1145 2963; baseline 0.004 -19"><span class='ocrx_word' id='word_1_263' title='bbox 141 2882 217 2944; x_wconf 86' lang='lat' dir='ltr'><strong>dant</strong></span> <span class='ocrx_word' id='word_1_264' title='bbox 231 2883 263 2942; x_wconf 88' lang='lat' dir='ltr'><strong>in</strong></span> <span class='ocrx_word' id='word_1_265' title='bbox 275 2883 348 2943; x_wconf 83' lang='lat' dir='ltr'><strong>sesto</strong></span> <span class='ocrx_word' id='word_1_266' title='bbox 361 2881 398 2942; x_wconf 91' lang='lat' dir='ltr'><strong>de</strong></span> <span class='ocrx_word' id='word_1_267' title='bbox 410 2889 556 2959; x_wconf 84' lang='lat' dir='ltr'><strong>praecepto</strong></span> <span class='ocrx_word' id='word_1_268' title='bbox 566 2923 574 2951; x_wconf 92' lang='lat'><strong>,</strong></span> <span class='ocrx_word' id='word_1_269' title='bbox 586 2880 799 2941; x_wconf 82' lang='lat' dir='ltr'><strong>transferantur</strong></span> <span class='ocrx_word' id='word_1_270' title='bbox 812 2881 844 2942; x_wconf 89' lang='lat' dir='ltr'><strong>in</strong></span> <span class='ocrx_word' id='word_1_271' title='bbox 864 2880 944 2943; x_wconf 88' lang='lat' dir='ltr'><strong>diem</strong></span> <span class='ocrx_word' id='word_1_272' title='bbox 956 2895 1145 2963; x_wconf 87' lang='lat' dir='ltr'><strong>sequentem,</strong></span> 
     </span>
     <span class='ocr_line' id='line_1_33' title="bbox 139 2964 1141 3044; baseline 0.006 -18"><span class='ocrx_word' id='word_1_273' title='bbox 139 2966 190 3026; x_wconf 78' lang='lat' dir='ltr'><strong>vel</strong></span> <span class='ocrx_word' id='word_1_274' title='bbox 208 2966 407 3040; x_wconf 86' lang='lat' dir='ltr'><strong>anticipentur</strong></span> <span class='ocrx_word' id='word_1_275' title='bbox 422 2964 477 3024; x_wconf 88' lang='lat' dir='ltr'><strong>sub</strong></span> <span class='ocrx_word' id='word_1_276' title='bbox 492 2964 595 3025; x_wconf 90' lang='lat' dir='ltr'><strong>eodem</strong></span> <span class='ocrx_word' id='word_1_277' title='bbox 612 2965 685 3023; x_wconf 84' lang='lat' dir='ltr'><strong>ritu.</strong></span> <span class='ocrx_word' id='word_1_278' title='bbox 705 2967 735 3025; x_wconf 78' lang='lat' dir='ltr'><strong>b.</strong></span> <span class='ocrx_word' id='word_1_279' title='bbox 750 2968 785 3026; x_wconf 90' lang='lat' dir='ltr'><strong>ln</strong></span> <span class='ocrx_word' id='word_1_280' title='bbox 804 2967 876 3027; x_wconf 86' lang='lat' dir='ltr'><strong>sesto</strong></span> <span class='ocrx_word' id='word_1_281' title='bbox 895 2967 1005 3044; x_wconf 89' lang='lat' dir='ltr'><strong>duplici</strong></span> <span class='ocrx_word' id='word_1_282' title='bbox 1025 2973 1098 3031; x_wconf 90' lang='lat' dir='ltr'><strong>min.</strong></span> <span class='ocrx_word' id='word_1_283' title='bbox 1117 2973 1141 3032; x_wconf 89' lang='lat' dir='ltr'><strong>si</strong></span> 
     </span>
     <span class='ocr_line' id='line_1_34' title="bbox 139 3049 1145 3130; baseline 0.005 -19"><span class='ocrx_word' id='word_1_284' title='bbox 139 3049 515 3130; x_wconf 62' lang='lat' dir='ltr'><strong>micturannirersorium</strong></span> <span class='ocrx_word' id='word_1_285' title='bbox 537 3067 592 3126; x_wconf 91' lang='lat' dir='ltr'><strong>pro</strong></span> <span class='ocrx_word' id='word_1_286' title='bbox 612 3049 712 3127; x_wconf 86' lang='lat' dir='ltr'><strong>aliqua</strong></span> <span class='ocrx_word' id='word_1_287' title='bbox 734 3049 892 3123; x_wconf 77' lang='lat' dir='ltr'><strong>defuncto,</strong></span> <span class='ocrx_word' id='word_1_288' title='bbox 914 3060 1009 3129; x_wconf 89' lang='lat' dir='ltr'><strong>potest</strong></span> <span class='ocrx_word' id='word_1_289' title='bbox 1034 3056 1145 3117; x_wconf 87' lang='lat' dir='ltr'><strong>cantari</strong></span> 
     </span>
     <span class='ocr_line' id='line_1_35' title="bbox 139 3132 1143 3212; baseline 0.006 -17"><span class='ocrx_word' id='word_1_290' title='bbox 139 3136 239 3195; x_wconf 70' lang='lat' dir='ltr'><strong>Missa.</strong></span> <span class='ocrx_word' id='word_1_291' title='bbox 253 3137 297 3195; x_wconf 84' lang='lat' dir='ltr'><strong>lta</strong></span> <span class='ocrx_word' id='word_1_292' title='bbox 315 3151 353 3194; x_wconf 84' lang='lat' dir='ltr'><strong>ex</strong></span> <span class='ocrx_word' id='word_1_293' title='bbox 372 3133 507 3211; x_wconf 89' lang='lat' dir='ltr'><strong>pluribus</strong></span> <span class='ocrx_word' id='word_1_294' title='bbox 524 3132 603 3193; x_wconf 80' lang='lat' dir='ltr'><strong>decr.</strong></span> <span class='ocrx_word' id='word_1_295' title='bbox 619 3135 700 3191; x_wconf 83' lang='lat' dir='ltr'><strong>Sacc.</strong></span> <span class='ocrx_word' id='word_1_296' title='bbox 725 3136 832 3212; x_wconf 78' lang='lat' dir='ltr'><strong>congr.</strong></span> <span class='ocrx_word' id='word_1_297' title='bbox 844 3135 905 3193; x_wconf 85' lang='lat' dir='ltr'><strong>Rit.</strong></span> <span class='ocrx_word' id='word_1_298' title='bbox 921 3134 1010 3212; x_wconf 82' lang='lat' dir='ltr'><strong>(Vide</strong></span> <span class='ocrx_word' id='word_1_299' title='bbox 1025 3134 1047 3197; x_wconf 82' lang='lat' dir='ltr'><strong>l.</strong></span> <span class='ocrx_word' id='word_1_300' title='bbox 1068 3158 1092 3199; x_wconf 93' lang='lat' dir='ltr'><strong>c.</strong></span> <span class='ocrx_word' id='word_1_301' title='bbox 1111 3158 1143 3200; x_wconf 87' lang='lat' dir='ltr'><strong>a.</strong></span> 
     </span>
     <span class='ocr_line' id='line_1_36' title="bbox 138 3215 1143 3297; baseline 0 -19"><span class='ocrx_word' id='word_1_302' title='bbox 138 3217 236 3295; x_wconf 64' lang='lat' dir='ltr'><strong>bib).</strong></span> <span class='ocrx_word' id='word_1_303' title='bbox 247 3217 383 3295; x_wconf 78' lang='lat' dir='ltr'><strong>Exceptis</strong></span> <span class='ocrx_word' id='word_1_304' title='bbox 395 3226 495 3278; x_wconf 86' lang='lat' dir='ltr'><strong>autam</strong></span> <span class='ocrx_word' id='word_1_305' title='bbox 506 3215 587 3277; x_wconf 86' lang='lat' dir='ltr'><strong>festis</strong></span> <span class='ocrx_word' id='word_1_306' title='bbox 601 3215 785 3295; x_wconf 90' lang='lat' dir='ltr'><strong>duplicibus,</strong></span> <span class='ocrx_word' id='word_1_307' title='bbox 798 3218 920 3293; x_wconf 88' lang='lat' dir='ltr'><strong>aliisque</strong></span> <span class='ocrx_word' id='word_1_308' title='bbox 939 3227 971 3278; x_wconf 91' lang='lat' dir='ltr'><strong>ut</strong></span> <span class='ocrx_word' id='word_1_309' title='bbox 983 3221 1071 3297; x_wconf 77' lang='lat' dir='ltr'><strong>suprb</strong></span> <span class='ocrx_word' id='word_1_310' title='bbox 1083 3265 1092 3294; x_wconf 92' lang='lat'><strong>,</strong></span> <span class='ocrx_word' id='word_1_311' title='bbox 1106 3224 1143 3284; x_wconf 80' lang='lat' dir='ltr'><strong>de</strong></span> 
     </span>
     <span class='ocr_line' id='line_1_37' title="bbox 138 3298 1145 3377; baseline 0.006 -16"><span class='ocrx_word' id='word_1_312' title='bbox 138 3300 354 3364; x_wconf 65' lang='lat' dir='ltr'><strong>naucratim</strong></span> <span class='ocrx_word' id='word_1_313' title='bbox 368 3301 410 3361; x_wconf 89' lang='lat' dir='ltr'><strong>sic</strong></span> <span class='ocrx_word' id='word_1_314' title='bbox 424 3301 558 3377; x_wconf 87' lang='lat' dir='ltr'><strong>loquitur</strong></span> <span class='ocrx_word' id='word_1_315' title='bbox 574 3301 701 3360; x_wconf 79' lang='lat' dir='ltr'><strong>Robrica</strong></span> <span class='ocrx_word' id='word_1_316' title='bbox 714 3320 723 3357; x_wconf 74' lang='lat' dir='ltr'><strong>a</strong></span> <span class='ocrx_word' id='word_1_317' title='bbox 738 3301 840 3361; x_wconf 75' lang='lat' dir='ltr'><strong>Micca</strong></span> <span class='ocrx_word' id='word_1_318' title='bbox 859 3298 966 3361; x_wconf 79' lang='lat' dir='ltr'><strong>cotiae</strong></span> <span class='ocrx_word' id='word_1_319' title='bbox 987 3301 1022 3360; x_wconf 84' lang='lat' dir='ltr'><strong>ia</strong></span> <span class='ocrx_word' id='word_1_320' title='bbox 1042 3305 1145 3367; x_wconf 71' lang='lat' dir='ltr'><strong>Mis-cie</strong></span> 
     </span>
     <span class='ocr_line' id='line_1_38' title="bbox 135 3380 1143 3464; baseline 0.004 -20"><span class='ocrx_word' id='word_1_321' title='bbox 135 3384 267 3460; x_wconf 74' lang='lat' dir='ltr'><strong>precatio</strong></span> <span class='ocrx_word' id='word_1_322' title='bbox 287 3382 349 3445; x_wconf 84' lang='lat' dir='ltr'><strong>dici</strong></span> <span class='ocrx_word' id='word_1_323' title='bbox 365 3390 492 3464; x_wconf 78' lang='lat' dir='ltr'><strong>poterat</strong></span> <span class='ocrx_word' id='word_1_324' title='bbox 513 3400 582 3463; x_wconf 70' lang='lat' dir='ltr'><strong>pro,</strong></span> <span class='ocrx_word' id='word_1_325' title='bbox 599 3381 724 3443; x_wconf 84' lang='lat' dir='ltr'><strong>arbitrio</strong></span> <span class='ocrx_word' id='word_1_326' title='bbox 741 3380 934 3443; x_wconf 83' lang='lat' dir='ltr'><strong>sacerdotum.</strong></span> <span class='ocrx_word' id='word_1_327' title='bbox 957 3383 1013 3443; x_wconf 89' lang='lat' dir='ltr'><strong>Sed</strong></span> <span class='ocrx_word' id='word_1_328' title='bbox 1035 3385 1143 3448; x_wconf 89' lang='lat' dir='ltr'><strong>deinde</strong></span> 
     </span>
     <span class='ocr_line' id='line_1_39' title="bbox 136 3464 1167 3544; baseline 0.007 -20"><span class='ocrx_word' id='word_1_329' title='bbox 136 3467 240 3530; x_wconf 82' lang='lat' dir='ltr'><strong>stetim</strong></span> <span class='ocrx_word' id='word_1_330' title='bbox 263 3467 418 3528; x_wconf 83' lang='lat' dir='ltr'><strong>advertit:</strong></span> <span class='ocrx_word' id='word_1_331' title='bbox 439 3465 477 3529; x_wconf 83' lang='lat' dir='ltr'><strong>ta</strong></span> <span class='ocrx_word' id='word_1_332' title='bbox 497 3469 565 3528; x_wconf 87' lang='lat' dir='ltr'><strong>verb</strong></span> <span class='ocrx_word' id='word_1_333' title='bbox 577 3466 691 3544; x_wconf 80' lang='lat' dir='ltr'><strong>possita</strong></span> <span class='ocrx_word' id='word_1_334' title='bbox 715 3482 775 3525; x_wconf 86' lang='lat' dir='ltr'><strong>aaa</strong></span> <span class='ocrx_word' id='word_1_335' title='bbox 795 3464 872 3543; x_wconf 76' lang='lat' dir='ltr'><strong>fiat,</strong></span> <span class='ocrx_word' id='word_1_336' title='bbox 891 3465 954 3527; x_wconf 83' lang='lat' dir='ltr'><strong>nisi</strong></span> <span class='ocrx_word' id='word_1_337' title='bbox 972 3465 1145 3531; x_wconf 85' lang='lat' dir='ltr'><strong>rationabili</strong></span> <span class='ocrx_word' id='word_1_338' title='bbox 1164 3511 1167 3516; x_wconf 81' lang='lat'><em>-</em></span> 
     </span>
     <span class='ocr_line' id='line_1_40' title="bbox 136 3543 1144 3633; baseline 0.006 -26"><span class='ocrx_word' id='word_1_339' title='bbox 136 3545 178 3607; x_wconf 86' lang='lat' dir='ltr'><strong>de</strong></span> <span class='ocrx_word' id='word_1_340' title='bbox 189 3565 295 3624; x_wconf 82' lang='lat' dir='ltr'><strong>cansa,</strong></span> <span class='ocrx_word' id='word_1_341' title='bbox 315 3557 405 3629; x_wconf 79' lang='lat' dir='ltr'><strong>prora</strong></span> <span class='ocrx_word' id='word_1_342' title='bbox 418 3555 490 3612; x_wconf 78' lang='lat' dir='ltr'><strong>esset</strong></span> <span class='ocrx_word' id='word_1_343' title='bbox 509 3543 644 3628; x_wconf 77' lang='lat' dir='ltr'><strong>specialis</strong></span> <span class='ocrx_word' id='word_1_344' title='bbox 657 3545 770 3609; x_wconf 61' lang='lat' dir='ltr'><strong>bootia</strong></span> <span class='ocrx_word' id='word_1_345' title='bbox 786 3546 960 3623; x_wconf 70' lang='lat' dir='ltr'><strong>secedatis,</strong></span> <span class='ocrx_word' id='word_1_346' title='bbox 975 3549 1021 3612; x_wconf 87' lang='lat' dir='ltr'><strong>ccl</strong></span> <span class='ocrx_word' id='word_1_347' title='bbox 1040 3553 1144 3633; x_wconf 85' lang='lat' dir='ltr'><strong>petitio</strong></span> 
     </span>
     <span class='ocr_line' id='line_1_41' title="bbox 136 3626 1143 3714; baseline 0.001 -17"><span class='ocrx_word' id='word_1_348' title='bbox 136 3626 177 3697; x_wconf 77' lang='lat' dir='ltr'><strong>dt</strong></span> <span class='ocrx_word' id='word_1_349' title='bbox 200 3630 301 3698; x_wconf 76' lang='lat' dir='ltr'><strong>atton</strong></span> <span class='ocrx_word' id='word_1_350' title='bbox 322 3630 425 3698; x_wconf 75' lang='lat' dir='ltr'><strong>darttio</strong></span> <span class='ocrx_word' id='word_1_351' title='bbox 445 3629 665 3713; x_wconf 71' lang='lat' dir='ltr'><strong>cturooyaon.</strong></span> <span class='ocrx_word' id='word_1_352' title='bbox 685 3631 869 3714; x_wconf 80' lang='lat' dir='ltr'><strong>Quapropter</strong></span> <span class='ocrx_word' id='word_1_353' title='bbox 893 3634 993 3697; x_wconf 87' lang='lat' dir='ltr'><strong>dicens</strong></span> <span class='ocrx_word' id='word_1_354' title='bbox 1014 3639 1143 3699; x_wconf 74' lang='lat' dir='ltr'><strong>cottum</strong></span> 
     </span>
    </p>
   </div>
   <div class='ocr_carea' id='block_1_3' title="bbox 0 0 1326 4167">
    <p class='ocr_par' dir='ltr' id='par_1_4' title="bbox 0 0 1326 4167">
     <span class='ocr_line' id='line_1_42' title="bbox 0 0 1326 4167; baseline 0 8"><span class='ocrx_word' id='word_1_355' title='bbox 0 0 1326 4167; x_wconf 95' lang='lat' dir='ltr'><strong> </strong></span> 
     </span>
    </p>
   </div>
  </div>
 </body>
</html>
