2642 4167
189 166 248 236 ste
378 164 514 246 Epitotue
527 163 666 227 doetriuoe
681 161 802 225 uerutis
818 171 846 225 et
862 167 1007 225 conantur

188 265 389 334 venerationi,
408 263 497 345 idque
507 261 596 339 vulgi
614 262 653 323 ita
665 262 815 340 cognitum
828 270 873 335 est
884 306 892 332 ‚
904 269 937 320 ut
948 262 1099 339 publicum
1111 281 1190 333 sean-

188 347 288 407 dalmn
301 347 371 406 inde
382 355 520 406 exortum
531 364 592 405 non
602 344 697 404 adhue
709 345 874 404 cessaverit.
888 346 954 404 llaec
966 354 1064 407 autem
1077 348 1190 420 notoria

189 429 334 489 certitudo
354 448 414 489 nun
433 429 516 491 adest
528 428 560 487 in
577 429 691 503 casibus
705 429 735 501 in
752 428 858 505 quibus
870 428 983 505 crimen
999 430 1106 495 nititur
1121 450 1190 493 ean·

185 512 327 587 jacturis,
342 512 640 590 praesumptionibus,
653 512 829 589 incertisque
841 512 971 581 vocibus.
987 513 1080 593 Igitur
1092 511 1123 572 hi
1138 516 1188 591 qui

188 594 297 656 hubent
316 597 470 671 adversam
487 594 560 673 laune
577 597 683 654 taniam
701 604 848 679 postremo
863 595 926 667 loca
939 613 1104 673 expressam
1118 596 1189 657 num

187 698 269 739 sacro
280 680 390 739 Viatieo
402 678 553 738 reficiendi
568 680 648 737 sint?
657 677 719 737 haee
728 677 890 737 habeantur
900 697 961 754 prae
974 680 1082 740 oeulis:
1096 679 1189 756 primi

187 770 299 839 quoerat
319 759 462 841 parochus
486 779 537 837 seu
558 761 694 839 urinister
716 762 911 839 sacramenti,
933 759 1006 839 prim
1028 763 1190 831 moriturus

188 845 313 923 paschali
328 857 460 923 tempore
473 844 617 921 acceperit
630 842 896 923 communioncmia
910 841 1036 920 parocho
1048 844 1098 917 ubi
1111 846 1191 925 dege·

188 926 258 1004 bat;
274 928 343 989 huie
360 927 437 987 certi
456 945 517 997 non
534 937 578 987 est
591 927 797 1004 denegandum
811 928 958 1005 Viatieam
975 928 998 986 si
1014 928 1132 1005 publici.
1146 949 1192 1007 po·

188 1019 247 1079 tat,
265 1012 321 1081 nisi
343 1009 418 1070 iartd
434 1011 511 1073 inter
526 1020 642 1091 tempus
655 1009 806 1108 paschale,
824 1029 883 1089 quo
897 1014 1136 1087 communionem
1149 1033 1191 1074 re·

187 1097 284 1169 cepit,
305 1104 335 1155 et
357 1103 491 1172 tempus,
513 1112 572 1172 qao
587 1094 734 1157 Viatrcum
757 1094 868 1172 poscit,
882 1095 993 1175 aliquid
1011 1098 1189 1173 commisisse

187 1187 325 1259 noscatur
344 1197 403 1263 quo
426 1178 534 1256 publici
556 1179 715 1263 peccatoris
732 1188 832 1243 aotam
852 1180 1040 1239 contraxerit.

224 1261 254 1319 Si
268 1260 339 1321 verd
357 1259 462 1320 aalide
478 1258 616 1327 adversis
629 1269 772 1343 agrotum
786 1263 1027 1341 praesumptiones
1040 1269 1070 1321 et
1084 1261 1188 1339 indicia

187 1353 310 1421 urgent,
326 1354 396 1404 tune
416 1345 446 1419 8,
461 1345 686 1417 communionis
707 1344 843 1403 minister
863 1345 950 1405 dotet
969 1356 1131 1424 egrotum,
1148 1366 1191 1406 re·

188 1428 277 1486 motis
290 1426 428 1495 arbitris,
441 1426 572 1505 alloqui,
587 1437 616 1487 et
636 1428 790 1493 ostendere
807 1427 850 1486 ilii
870 1428 998 1503 indicia,
1012 1447 1078 1505 quae
1091 1448 1190 1506 suspe-

186 1520 266 1575 ctum
287 1512 385 1591 ipsum
405 1513 552 1583 reddunt,
569 1529 674 1590 rogans
694 1530 763 1575 earn
785 1520 818 1570 ιιι
838 1511 1006 1589 resipiscat,
1024 1531 1057 1571 ae
1073 1513 1190 1573 dcnaon·

182 1603 281 1652 struas
303 1612 333 1653 se
355 1594 474 1673 quidem
499 1604 630 1672 paratum
654 1612 717 1657 esse
737 1594 781 1653 illi
803 1592 1080 1675 saerurnViatieuna
1103 1596 1187 1654 mini·

186 1686 300 1746 strare,
316 1686 345 1738 et
368 1678 443 1737 aelle
459 1696 513 1757 pro
531 1679 582 1738 satl
601 1678 710 1755 pietate
728 1678 820 1756 ipsius
840 1677 990 1741 infamium
1009 1679 1187 1761 praecariae,

186 1770 217 1819 et
238 1760 348 1820 idcireo
370 1779 438 1819 cnm
455 1759 563 1821 draerd
577 1764 677 1822 mensa
691 1780 750 1821 non
765 1760 924 1838 repellere,
940 1762 1072 1839 quamvis
1094 1758 1189 1839 ipsum

186 1852 368 1921 peecatorem
386 1846 416 1901 in
434 1856 589 1922 conspeetu
605 1846 725 1904 Domini
744 1853 879 1923 reputet.
900 1864 959 1904 non
979 1854 1077 1904 tamea
1092 1847 1122 1904 in
1137 1863 1189 1903 sno

186 1926 327 1983 tribunali
355 1927 504 2002 publicum
529 1938 617 2005 utque
640 1928 791 1988 notorium
815 1936 997 2005 peecatorem
1020 1945 1188 2003 agnoscere.

187 2009 229 2065 lta
253 2005 423 2068 Benedictus
443 2011 532 2089 Xtv.
557 2011 589 2070 in
608 2013 665 2090 ¹sud
691 2011 771 2071 bullri
793 2009 1000 2089 Exorandus
1025 2009 1191 2088 Christiani

183 2089 284 2161 ardu,
301 2098 358 2149 ote.
1128 2094 1138 2109 ·’

560 2206 815 2277 cousutrtna.

224 2374 410 2437 Consuetudo
433 2373 633 2467 rationabilis³
657 2383 688 2433 et
708 2373 837 2451 legitimi
856 2376 1045 2467 praescripta,
1067 2376 1191 2463 alprppat

186 2477 305 2525 omnem
329 2460 424 2537 legem
445 2456 605 2533 hannoiae
624 2459 713 2521 etiarn
733 2457 903 2531 macarieana
916 2477 953 2534 ex
967 2467 1049 2535 testu
1066 2457 1100 2531 io
1112 2456 1188 2543 Cup.

184 2539 271 2623 final.
295 2540 329 2603 de
345 2542 499 2615 Coresuet.‚·
521 2542 600 2617 arelas
622 2549 666 2600 est
692 2549 789 2600 tamen
803 2541 944 2619 Episcopo
965 2538 1049 2619 jptta
1074 2560 1192 2621 epnsue-

185 2627 318 2685 tudinem
337 2624 469 2684 dioeeesis
487 2643 547 2684 snae
570 2631 673 2683 contra
692 2641 819 2683 canones
838 2624 931 2700 legera
948 2624 1093 2700 condero;
1108 2624 1191 2701 qudd

186 2712 265 2770 enim
281 2710 375 2767 valeat
392 2708 591 2778 consuetudo,
607 2715 651 2769 est
666 2725 702 2777 ex
718 2707 843 2784 quidam
861 2708 1014 2769 tolerantie
1027 2709 1191 2784 superioris

186 2793 369 2869 legislatoris.
378 2794 403 2851 N
407 2793 483 2850 imioe
492 2801 590 2850 autem
601 2799 677 2850 esset
687 2790 880 2867 arrogantie,
891 2791 914 2848 si
924 2792 1082 2868 Episcopus
1094 2791 1194 2866 legem

186 2876 324 2957 conderet
334 2883 435 2955 contra
445 2876 539 2953 legem
548 2874 718 2951 superioris.
727 2875 847 2951 DeSyn,
856 2873 1036 2955 mmcd-¹22
1046 2874 1149 2953 0·.8·¹,¹,·
1157 2875 1189 2934 8.

557 3038 812 3099 CONTRAGPUS.

222 3204 395 3261 (lontraetus
421 3200 514 3259 trium
532 3206 754 3266 contractuum,
768 3199 819 3275 qui
838 3198 856 3258 d
878 3200 979 3259 multis
999 3200 1189 3273 defenditur,

185 3285 223 3344 ab
243 3285 310 3344 aliis
331 3274 533 3362 improbatur,
553 3280 571 3341 it
591 3282 734 3349 Pontiilee
754 3282 874 3360 praecise
896 3302 955 3346 non
979 3285 1189 3362 improbatur,

184 3367 235 3425 scd
253 3367 421 3426 facultatem
440 3366 584 3444 permittit
602 3365 766 3442 Episeapis,
782 3374 815 3425 ut
831 3366 862 3423 in
875 3368 935 3426 suis
948 3368 1073 3445 synodis
1085 3367 1191 3443 deiror-

184 3459 285 3509 tentuc
303 3450 435 3508 subditos
453 3466 521 3510 suos
542 3448 580 3508 ab
597 3465 633 3506 co
655 3447 828 3508 exercendo.
846 3450 890 3529 De
907 3451 979 3527 Syn.
993 3450 1084 3511 Dicae.
1098 3452 1120 3511 l.
1138 3454 1189 3512 ιθ.

96 3610 99 3615 Ι
182 3538 246 3591 totu
263 3533 358 3608 eapite
374 3535 403 3592 t.
