2642 4167
365 240 412 324 De
430 237 709 321 interrogationibus
723 238 878 320 faciendis.
1085 240 1125 302 stt

117 347 231 408 unicam
256 342 466 405 comestionem
485 342 581 403 iacere
603 344 635 402 in
659 344 734 420 die3
757 352 788 405 et
811 359 933 421 vespere
960 338 1040 401 aliud
1061 357 1122 402 non

116 430 298 510 permittitur
313 426 403 506 quim
423 427 548 504 simplex
568 428 774 488 collatiuncula
789 437 856 488 octo
870 427 1026 487 unciarum
1039 423 1122 501 juxta

115 531 304 575 communem
328 509 590 581 consuetudinem,
607 521 659 572 aut
676 512 714 572 ad
735 514 801 592 plus
819 513 920 572 decem
944 511 1039 570 uncie
1055 527 1123 587 pos·

115 608 183 659 sunt
200 595 323 658 concedi
344 594 408 669 illi,
431 595 483 671 qui
506 597 545 655 ob
569 594 712 672 majorem
733 598 910 676 exigentiam
933 613 1001 654 usus
1022 594 1124 654 fuisset

114 680 221 759 majori
241 679 407 758 quantitate
425 678 603 738 ordinariam
622 681 781 740 excedente
796 677 830 759 (l.
844 699 869 741 e.
883 698 916 739 n.
931 678 1042 755 luet).
1055 679 1126 737 Pau·

114 783 200 845 peres
223 763 295 825 verb
319 763 427 841 quibus
448 761 534 824 mand
557 779 617 822 000
635 763 737 823 fuisset
759 764 841 824 cibus
859 764 1006 824 sufficiens
1020 771 1050 822 et
1063 778 1123 821 000
1157 794 1163 806 ·

114 856 239 928 possunt
262 847 420 907 sustentari
441 846 502 906 soli
522 847 730 908 collatiuuculi
743 848 889 917 serotini,
903 847 934 906 bi
950 853 1125 908 excusantur

114 929 146 1011 (l.
160 952 186 993 e.
198 950 231 992 n.
246 933 334 991 1055.
345 949 374 990 v.
389 929 555 1008 Secunda).
570 930 657 1004 erbd
678 933 702 990 si
723 949 844 1010 vespere
860 929 891 989 bi
905 930 1048 990 baberent
1060 928 1122 989 suf·

112 1016 262 1078 ficientcm
283 1016 401 1083 cibum,
424 1013 526 1074 dicunt
540 1016 604 1073 00.
626 1014 680 1075 bos
699 1017 792 1076 teneri
810 1015 847 1074 ad
858 1014 1024 1092 jejunium,
1040 1022 1123 1073 ante·

112 1102 258 1160 vertendo
281 1100 427 1160 eoenulam
450 1100 487 1159 ad
505 1100 680 1177 meridiem;
696 1102 745 1160 sed
763 1103 849 1161 multi
864 1102 912 1160 alii
926 1100 982 1161 lroo
995 1108 1121 1176 uagam,

114 1186 183 1262 quia
209 1183 380 1261 hujusmodi
402 1183 551 1261 jejunium
576 1185 765 1245 incommodo
789 1185 1024 1245 extraordinario
1049 1191 1123 1243 esset

114 1269 185 1329 illis.
198 1269 401 1330 observentur
415 1288 482 1347 quce
492 1270 523 1329 iu
533 1270 630 1348 Opere
645 1267 794 1330 habentur
805 1269 882 1350 (Lib.
896 1274 925 1331 b.
940 1287 1023 1330 nuru.
1034 1269 1120 1328 1051.

114 1351 194 1413 circu
207 1351 335 1431 fierem).

152 1439 313 1515 Postquam
333 1438 390 1497 tale
404 1455 527 1499 examen
541 1436 693 1498 iarudibus
704 1438 834 1516 exegerit
845 1483 853 1512 ,
865 1438 1014 1516 quomodo
1025 1443 1123 1514 postea

114 1522 309 1581 confessarius
333 1541 364 1581 se
388 1541 490 1600 gerere
513 1522 638 1595 debeat,
659 1532 694 1583 ut
713 1522 849 1602 disponat
872 1524 1063 1601 poenitcntcm
1087 1519 1124 1578 ud

112 1606 299 1675 dolorem,et
312 1606 452 1685 adjungat
464 1606 749 1686 poeultentiam‚jam
760 1606 847 1684 supria
860 1617 956 1665 actum
968 1604 1122 1680 0011010.

112 1696 142 1748 et
156 1687 231 1766 11.).
244 1689 302 1748 Sed
317 1700 386 1750 ante
404 1693 503 1750 omnia
519 1691 653 1751 advertat
669 1693 728 1751 tale
746 1707 870 1748 examen
891 1704 952 1746 non
973 1688 1124 1764 negligen-

112 1772 208 1842 dum,
231 1773 282 1833 ubi
301 1774 486 1852 cognoscitur
507 1792 581 1852 opus
605 1791 691 1846 esse,
714 1774 788 1834 dirm
812 1772 964 1833 iuvenitur
983 1769 1124 1831 confessa·

113 1857 231 1918 riorum
248 1855 345 1933 major
364 1876 432 1937 pars
450 1858 483 1919 in
506 1857 563 1919 boc
581 1868 693 1937 puncto
713 1857 825 1920 deesse.

474 2043 693 2108 CAPITULUM
712 2044 765 2108 lll.

113 2233 160 2295 De
177 2231 456 2313 informationibus
473 2230 646 2295 adhibendis
663 2250 729 2294 cerm
743 2232 875 2312 percoctis
888 2232 998 2295 diversi
1009 2233 1122 2310 statos,

146 2323 208 2379 out
218 2315 409 2395 cortditiouis,
424 2336 491 2398 quea
503 2326 574 2378 sunt
585 2316 768 2379 conscientie
777 2319 886 2398 puerine
900 2315 1089 2385 meticulosis..
1140 2327 1142 2330 ’

138 2526 206 2586 08.
223 2464 308 2587 Hic
325 2523 507 2596 advertitur,
519 2524 599 2602 00ὸά
621 2528 698 2587 cirea
716 2526 909 2604 obligationes
928 2527 1041 2606 proprii
1065 2536 1125 2587 sta·

112 2608 183 2674 tris,
204 2617 257 2670 aut
278 2608 367 2668 oflicii
387 2626 447 2669 000
460 2627 576 2687 semper
598 2612 725 2671 sufficiat
743 2610 918 2669 confessario
932 2611 1124 2685 poenitentem

106 2694 301 2769 interrogare
316 2692 450 2761 tantum,
466 2712 505 2754 au
526 2712 608 2754 suam
631 2693 841 2769 obligationem
857 2693 1042 2768 impleverit,
1056 2693 1124 2754 oium

110 2776 263 2853 poenitens
286 2775 405 2835 videtur
428 2795 490 2837 esse
514 2777 700 2838 eonscientiae
723 2772 829 2851 parium
854 2775 1052 2845 meticulosae,
1073 2787 1124 2839 aut

110 2861 311 2920 confessarius
325 2861 444 2922 aliundis
462 2861 551 2923 babet
566 2861 770 2921 rationabilem
781 2861 973 2939 suspicionem
986 2860 1065 2938 00ὸά
1075 2862 1126 2923 ille
1167 2863 1169 2867 ’

109 2945 175 3005 suis
196 2944 428 3022 obligationibus
444 2945 520 3006 desit
537 2956 632 3022 3tune
646 2953 780 3025 oportet,
796 2955 831 3006 ut
848 2947 946 3025 ipsum
966 2947 1126 3025 interroget

110 3029 145 3090 in
158 3030 354 3107 particulari,
367 3032 470 3091 saitem
485 3031 562 3091 eirca
579 3031 644 3109 ejus
660 3031 853 3110 obligationes
873 3033 1105 3111 principaliores.

150 3114 208 3174 tu.
224 3115 262 3173 ut
273 3115 373 3191 primb
384 3158 394 3189 ,
407 3117 433 3176 si
449 3125 493 3176 est
509 3118 644 3177 sacerdos
662 3118 713 3194 qui
728 3116 766 3176 od
782 3118 982 3177 confitendum
995 3118 1124 3190 aceedit,
1184 3191 1186 3195 .

35 3209 38 3280 ζ
110 3201 319 3277 interrogetur
341 3203 371 3260 1.
393 3219 431 3261 00
450 3202 622 3261 satisfecerit
646 3201 728 3263 boris
752 3203 916 3273 mannisis,
938 3210 968 3261 et
987 3203 1135 3263 oneribus·

111 3286 296 3355 missarum,
317 3285 364 3344 vel
386 3304 424 3345 an
448 3284 501 3345 bas
519 3304 573 3364 per
592 3288 721 3346 multum
744 3294 859 3364 tempus
883 3286 1032 3348 distulerit
1051 3289 1126 3348 eele-

110 3367 230 3428 brarc?
239 3370 270 3428 ⁶2.
279 3385 318 3427 uu
334 3370 563 3447 negotiationem
573 3372 758 3431 exercuerit?
769 3373 798 3429 5.
812 3390 848 3429 an
857 3372 945 3431 nimis
956 3371 1127 3433 festinanter

111 3451 237 3511 missam
253 3451 405 3513 absolvat?
420 3471 490 3513 nam
512 3454 536 3513 si
560 3455 635 3513 infra
656 3453 854 3531 quadrantem*
871 3452 953 3513 borao
971 3455 1052 3515 illam
1066 3465 1145 3515 term

111 3533 230 3607 mittat,
247 3533 312 3611 ipse
330 3535 347 3595 ir
367 3537 453 3615 calpa
472 3537 553 3614 gravi
570 3539 675 3614 aequit
697 3538 846 3606 excusari,
861 3538 974 3595 etiamsi
989 3540 1074 3598 missa
1088 3541 1125 3599 sit

111 3617 828 3699 0000001000,010000000000010000010010
841 3622 941 3700 plures
949 3623 1012 3681 00.
1020 3623 1126 3682 docent
