2642 4167
174 186 232 245 tls
326 180 409 263 Epit.
426 179 518 242 doctr.
533 196 608 241 taor.
624 187 653 240 ct
667 197 734 240 cors.
746 197 783 242 cx
796 196 876 263 oper.
892 182 966 243 Besa.
979 180 1069 242 XIV.

174 287 315 363 Episcopo
331 281 567 362 jurisdictionem
592 281 777 361 spiritualem
805 288 964 353 exercent,
986 281 1024 339 ad
1049 276 1182 341 caninam

172 370 370 429 visitationem
392 375 552 441 tenentur,
577 377 610 426 ut
639 384 676 425 cx
694 383 826 443 respons.
854 366 886 422 S.
914 365 1059 441 Congrcg.
1084 373 1114 423 ct
1144 380 1181 421 cx

173 452 257 513 nutu
272 450 356 527 Quod
366 459 470 513 scitoto
483 450 550 511 data
562 451 657 511 dions
672 467 742 509 nov.
755 467 827 510 ann.
836 447 951 510 ilino
966 445 1077 507 Beocd.
1089 449 1141 537 XI
1147 449 1179 505 l'.
1225 536 1228 543 ι

174 545 299 597 comitii·
717 572 720 579 ·

212 618 347 681 liconti-l
364 616 436 680 acro
456 636 516 680 noa
534 626 672 678 tenentur
685 617 706 677 ii
719 616 834 696 praelati
849 615 1027 685 inferiores,
1050 616 1104 693 qui
1122 624 1181 674 tor·

174 705 314 766 ritorinm
330 711 496 781 separatum
507 719 568 765 non
591 700 701 761 habent
715 743 725 776 ‚
741 710 774 761 nt
786 701 857 762 satis
874 702 997 762 constat.
1009 698 1055 759 lb.
1068 701 1141 760 ιι.9.
1178 725 1199 791 .'

608 859 755 950 uorum

111 1052 115 1061 ·
215 1035 290 1095 Vota
303 1030 445 1110 simplicio
463 1032 554 1092 ctiam
575 1028 715 1089 castitatis
737 1036 769 1090 ct
788 1027 958 1107 religionis,
981 1045 1015 1088 ac
1034 1045 1181 1091 sacrarum

176 1116 445 1196 peregrinationum
469 1111 664 1192 dispensando
682 1120 866 1172 commutare
890 1119 987 1190 potest
1009 1111 1103 1189 major
1116 1115 1183 1182 Poe·

176 1201 360 1263 ruitantiarios
383 1200 543 1260 Romanus.
561 1197 644 1259 Bulla
662 1199 771 1259 Pastor
788 1194 889 1258 bottas.

613 1366 747 1429 nsunt.

217 1541 318 1604 usuro
332 1544 483 1620 peccatum
497 1535 571 1598 illutl
588 1543 650 1608 cst,
667 1534 735 1596 cum
748 1537 859 1614 aliquid
871 1538 947 1603 lucri
963 1537 1088 1615 exigitur
1103 1536 1190 1597 altra'
1212 1586 1215 1595 .
1244 1118 1256 1623 ἱ

177 1633 287 1687 sortem
311 1624 427 1686 ratione
447 1621 554 1685 mutui.
570 1623 631 1683 Nec
653 1618 711 1681 hoc
729 1619 746 1682 t
767 1621 840 1681 vitio
858 1628 961 1699 vacat,
979 1622 1094 1689 etiamsi
1118 1640 1185 1681 mo
1252 1640 1257 1711 ξ

177 1713 311 1771 domuum
335 1710 374 1769 sit
394 1709 510 1769 lucrum
522 1749 532 1782 ,
546 1704 626 1789 quod
648 1703 825 1788 deposcitur.
848 1707 972 1772 Ratione
990 1716 1090 1773 tamea
1109 1708 1185 1768 titu-

177 1795 275 1855 lorum
298 1791 518 1870 quorumdam,
544 1807 618 1875 quos
633 1789 812 1856 extrinsecos
832 1808 970 1855 vocamus
992 1782 1010 1852 ὁ
1030 1799 1183 1857 contractu

178 1878 297 1951 mutui,
318 1876 395 1956 exigi
411 1882 508 1954 potest
531 1892 647 1936 annuus
670 1883 854 1952 proventus,
875 1876 907 1935 in
927 1892 987 1957 quc
1012 1882 1111 1946 tamen
1134 1893 1185 1933 ca-

178 1963 308 2024 vendum
338 1971 403 2034 est,
425 1978 463 2037 uo
487 1958 560 2039 quid
591 1959 680 2023 nimis
703 1957 872 2037 accipiatur.
903 1956 984 2019 Sicut
1010 1959 1097 2026 etiam
1121 1977 1186 2021 non

178 2065 293 2126 semper
312 2046 402 2107 iidem
417 2042 496 2106 tituli
516 2045 548 2119 in
567 2050 719 2115 contractu
743 2045 839 2103 mutui
868 2032 1043 2108 celebrando
1067 2045 1185 2107 adsunt.

177 2133 255 2205 Quin
270 2138 300 2191 et
310 2128 416 2190 accidit
427 2128 603 2206 quandoque
615 2129 647 2187 in
658 2126 810 2194 nonnullis
825 2145 927 2187 rerum
939 2128 1184 2200 circumstantiis,

178 2223 213 2274 ut
232 2211 307 2272 nulli
331 2211 415 2269 alteri
438 2212 519 2287 justo
547 2209 709 2270 contractui
732 2212 813 2274 locus
836 2229 899 2275 essc
921 2212 1033 2290 possit,
1058 2220 1088 2271 et
1106 2210 1186 2274 adsit

128 2300 132 2305 ’
180 2296 337 2375 obligatio,
358 2301 393 2354 ut
415 2293 496 2354 audo
513 2301 618 2353 mutuo
634 2292 719 2353 alteri
737 2311 955 2357 succurramus.
979 2294 1186 2354 liancdoctri-

179 2401 249 2443 nam
267 2380 304 2442 ab
316 2377 454 2441 omnibus
471 2375 567 2460 polim
584 2375 685 2445 doceri
707 2378 827 2442 mandat
842 2379 998 2452 Pontifex,
1023 2388 1186 2459 monetque

179 2470 320 2544 insuper,
339 2470 375 2525 ut
399 2462 424 2522 si
454 2460 572 2540 quando
602 2462 633 2520 iu
655 2471 760 2522 mutuo
781 2464 946 2541 prestando
976 2463 1026 2523 alii
1057 2463 1183 2541 legitimi

179 2550 257 2611 tituli
270 2547 366 2608 adsint
378 2564 433 2626 pro
451 2563 551 2607 annno
572 2546 655 2605 lucro
674 2545 839 2623 exigendo,
855 2547 887 2608 in
905 2547 1099 2607 celebratione
1113 2565 1185 2611 con·

179 2633 287 2697 tractus
300 2631 395 2693 mutui
417 2631 610 2709 explicentur.
624 2631 693 2690 llaec
708 2632 807 2697 omnia
821 2629 908 2693 latins
925 2633 956 2691 in
981 2630 1132 2708 Encyrlict
1146 2632 1185 2694 acl
1204 2643 1208 2649 '

179 2719 333 2798 Episcopus
343 2714 434 2776 italio
449 2714 507 2776 Via
519 2715 669 2795 percutit,
685 2722 741 2775 etc.

550 3134 622 3179 FlNlS
641 3135 708 3178 tout
728 3134 805 3179 noll.
