2642 4167
154 205 213 270 258
396 203 534 264 acumen
549 194 796 262 acernaacerna.
809 193 881 277 dep.
898 177 928 256 5.

156 314 229 367 ratas
246 302 339 384 suprd
358 320 443 363 mum.
455 303 506 362 46.
523 295 801 362 inducenscanmm
827 291 1047 373 suspensionem
1066 288 1165 371 (Papae

157 388 278 466 quidem
294 397 492 456 reservatam,
513 387 537 443 si
551 393 595 443 est
607 380 750 462 publiea),
763 379 813 439 sed
828 396 888 439 nou
903 377 1164 454 irregularitatem.

158 472 194 531 Et
210 471 288 531 idem
308 470 499 548 probabiliter
518 468 677 529 dicendum
699 464 737 526 de
761 469 796 525 eo
821 464 877 541 qui
892 461 1013 522 censuri
1030 460 1166 519 irretitus

157 570 273 613 sacrum
291 555 397 631 accipit
410 552 564 623 ordinem,
586 552 649 611 scil.
676 548 757 628 qudd
774 565 834 608 non
850 546 902 606 fiat
921 545 1088 617 irregularis
1105 541 1165 602 nisi

158 636 191 696 iu
203 637 265 713 ipsa
283 637 471 696 ordinatione
483 636 619 695 ordinem
632 632 712 693 ultrd
726 639 876 702 exerceat,
887 629 970 705 justa
982 627 1104 687 dicenda
1115 625 1165 687 bie

158 737 192 780 m.
206 721 256 779 ur.
271 721 308 781 V.
319 722 365 781 0b
378 722 509 781 enormia
518 721 659 793 crimina,
672 719 696 777 si
709 717 767 790 sint
779 711 894 793 publica
907 723 937 772 et
949 712 1064 771 notoria
1074 712 1165 781 facto,

159 803 207 864 rel
225 803 315 880 jure,
338 803 521 881 habeantque
546 802 563 863 i
587 803 656 879 jure
674 817 828 868 ‚aaneram
846 796 1017 865 infamiam,
1035 803 1069 855 ut
1093 802 1165 855 sunt

159 887 355 961 adulterium,
379 889 522 963 incestus,
544 887 698 955 sodomia,
716 882 885 962 perjurium
901 882 929 940 in
947 878 1059 956 judicio
1069 923 1079 955 ‚
1102 875 1165 938 bae·

159 972 253 1042 resis,
276 971 401 1040 simonia
416 1015 425 1043 ,
439 972 560 1049 rapina,
582 970 780 1040 lenocinium,
802 965 973 1027 exercitium
989 979 1165 1036 usurarum,

124 1063 127 1068 ’
158 1062 260 1131 raptas
273 1054 452 1125 mulierum,
466 1064 496 1114 et
508 1055 628 1115 similia.
648 1055 715 1114 Hoec
734 1061 833 1112 autem
852 1048 1069 1126 irregularitas,
1082 1046 1106 1105 si
1120 1054 1165 1107 est

158 1138 226 1199 lacti
238 1182 247 1211 ,
260 1141 376 1200 tollitur
395 1158 449 1219 per
468 1141 727 1215 emendationem
746 1140 771 1199 si
791 1138 885 1216 juris,
900 1153 954 1213 per
970 1133 1166 1212 dispensatio·

160 1239 229 1283 nem
239 1266 249 1296 ,
260 1223 328 1283 vide
338 1221 389 1285 tit.
401 1226 430 1284 7.
445 1240 478 1284 m.
491 1225 585 1300 set).
595 1227 645 1284 vt.
654 1227 695 1285 Ex
707 1222 812 1301 injusta
826 1219 1028 1292 mutilatione,
1043 1223 1073 1277 et
1082 1216 1165 1278 tantd

160 1306 253 1385 magis
268 1325 305 1367 ex
327 1306 487 1368 homicidio
499 1309 683 1376 voluntario,
697 1326 733 1367 ex
750 1325 815 1388 cop.
828 1302 864 1366 Si
873 1304 951 1385 qais.
964 1305 992 1364 t.
1013 1301 1048 1365 de
1058 1300 1163 1362 hamis.

160 1389 202 1449 Bt
218 1407 254 1450 ee
277 1387 415 1452 Clement.
435 1411 488 1453 oo.
506 1392 569 1453 eod.
587 1398 633 1452 m.
658 1394 784 1468 llaecque
809 1388 1007 1466 irregularitas
1031 1385 1166 1446 extendi·

161 1479 212 1533 tur
235 1474 324 1536 etiam
352 1477 389 1535 ad
410 1473 602 1552 mandantes,
632 1476 836 1543 consulentes,
855 1482 907 1533 aut
927 1473 1015 1552 aliter
1042 1488 1167 1530 concur·

161 1567 324 1632 rentes,ex
335 1579 401 1641 cap.
413 1564 447 1623 Si
458 1561 579 1623 uiduam
588 1604 599 1636 ,
609 1559 679 1622 dist.
694 1563 742 1622 as.
757 1557 831 1620 Vide
843 1559 900 1618 alia
913 1573 1002 1635 super
1016 1554 1072 1616 boe
1087 1573 1166 1633 pun·

161 1639 241 1704 etei.
257 1664 283 1705 e.
298 1665 330 1705 a.
343 1648 411 1706 565.
423 1654 517 1726 etseq.
1075 1705 1081 1722 ,

200 1728 251 1789 89.
264 1760 304 1775 -
316 1731 547 1810 irregularitatcs
571 1738 669 1791 autem
688 1746 725 1789 ex
746 1723 860 1807 defectu
881 1733 951 1787 sunt
965 1732 1031 1786 octo
1051 1745 1062 1785 a
1088 1725 1114 1786 1.
1128 1737 1167 1786 ex

162 1811 276 1873 deiectu
296 1815 425 1884 aninam,
440 1833 476 1875 ex
501 1833 561 1892 quo
581 1814 756 1892 irregulares
774 1823 845 1873 sunt
864 1814 893 1873 t.
908 1819 1059 1885 amentes,
1076 1808 1169 1889 phre-

162 1898 270 1966 netici,
295 1909 324 1959 et
345 1899 503 1976 epileptici.
522 1901 552 1957 ἢ.
569 1898 736 1971 illitterati,
746 1896 830 1974 juxta
849 1895 925 1957 dicta
946 1894 995 1956 hic
1017 1914 1048 1956 a.
1063 1895 1112 1955 55.
1134 1895 1165 1955 5.

162 1979 309 2059 Neophyti
325 2025 333 2052 ,
350 2000 400 2040 scu
426 1988 560 2041 recenter
581 1982 726 2041 conversi.
755 1984 794 2041 ll.
816 1983 858 2041 Ex
878 1981 993 2039 defectu
1013 1979 1167 2059 corperis,

119 2075 128 2089 ‘
162 2082 268 2141 nempe
294 2066 318 2124 si
337 2067 404 2143 quis
417 2064 508 2125 babet
530 2067 658 2137 vitium,
685 2065 765 2143 quod
786 2066 833 2126 vel
852 2066 976 2143 impedit
1000 2081 1169 2139 congruum

162 2149 332 2209 exercitium
360 2148 498 2220 ordinis,
521 2151 569 2209 vel
594 2150 757 2212 notabilem
782 2150 868 2210 affert
890 2150 1097 2211 indecentiam.
1123 2149 1169 2210 Ex

162 2235 260 2313 primo
273 2236 366 2313 eapite
378 2232 579 2315 impedimenti
589 2246 658 2295 suut
672 2236 848 2313 irregulares
861 2238 926 2296 caeci
941 2279 949 2306 ,
962 2235 1061 2303 surdi,
1076 2236 1168 2307 muti,

162 2330 292 2381 carentes
303 2338 392 2381 manu
405 2363 413 2390 ,
427 2328 478 2380 aut
494 2319 596 2397 digitis
608 2321 765 2391 omnibus,
787 2331 838 2380 aut
851 2322 976 2400 pollice,
996 2320 1044 2379 vet
1057 2319 1167 2381 indiae.

163 2409 205 2468 Ex
218 2406 346 2467 secundo
359 2413 458 2466 autem
468 2406 562 2482 capite
571 2403 768 2484 deformitatis
777 2418 846 2467 sunt
858 2407 1032 2484 irregulares
1044 2407 1168 2483 leprosi,

162 2501 295 2554 carentes
312 2509 404 2558 naso,
423 2498 454 2550 et
471 2490 559 2550 aliter
576 2493 778 2568 monstruosi,
803 2490 873 2569 puta
892 2491 1032 2552 lubentes
1046 2492 1171 2569 gibbam

162 2576 247 2636 valde
259 2593 431 2650 enormem,
444 2574 513 2634 vide
524 2572 575 2636 tit.
589 2577 620 2635 7.
629 2593 663 2635 m.
678 2577 810 2637 405111.
823 2579 865 2637 lix
879 2577 992 2637 deiectu
1003 2573 1170 2647 metalium,

162 2677 199 2722 ex
217 2678 278 2738 quo
296 2670 365 2719 sunt
385 2660 559 2736 irregulares
571 2676 675 2720 omnes
697 2661 865 2739 illegitimi3
882 2663 934 2741 qui
952 2668 1051 2720 tamen
1070 2660 1171 2738 legiti-

163 2754 301 2815 mantur,
322 2745 370 2804 rel
389 2762 444 2821 per
458 2744 636 2824 subsequens
655 2747 894 2816 matrimonium,
914 2746 961 2806 vel
981 2763 1035 2824 per
1055 2745 1171 2823 profes·

162 2829 276 2888 sionem
300 2829 487 2904 religiosam,
506 2828 554 2887 rel
574 2846 627 2905 per
642 2830 889 2907 dispensationem
912 2829 1082 2889 Pontificis:
1099 2830 1175 2891 vide

162 2912 226 2972 ibid
235 2931 266 2972 o.
285 2915 353 2972 lit.
367 2920 395 2971 et
407 2930 468 2989 seq.
484 2914 536 2972 tv.
557 2915 600 2972 lix
619 2912 733 2974 deiectu
754 2916 871 2986 oetotis,
889 2914 993 2992 dequo
1002 2915 1072 2974 ride
1088 2914 1170 2974 diota

162 2994 211 3056 blo
226 3016 259 3057 a.
273 2999 322 3057 45.
337 3005 365 3057 et
380 2998 431 3055 44.
447 2998 483 3054 V.
499 2998 541 3054 Ex
554 2996 668 3059 delectu
681 2998 885 3071 sacramenti,
908 3017 1015 3077 nempe
1031 3018 1069 3059 ex
1085 2991 1172 3076 biga·

163 3081 221 3141 mia
234 3102 243 3139 r
256 3082 366 3140 dieitur
380 3079 558 3140 sacramenti
570 3124 578 3152 ,
594 3080 630 3142 et
647 3082 728 3159 quaid
737 3083 809 3142 daras
822 3084 931 3144 duceris
946 3101 1052 3144 uxores
1063 3088 1178 3164 nequit¹

162 3163 229 3243 apte
243 3166 407 3243 siguificare
418 3165 558 3224 unionem
573 3163 680 3230 Christi
702 3185 771 3228 com
784 3169 908 3228 Ecclesia
920 3213 930 3241 ,
940 3186 1006 3245 qum
1015 3169 1071 3229 tuit
1080 3172 1172 3233 unica

162 3247 226 3325 ejus
242 3268 357 3327 sponsa.
371 3251 500 3329 bigamia
519 3259 619 3309 autem
639 3251 748 3330 triplex
767 3262 828 3323 est,
843 3273 909 3331 quae
929 3254 1083 3332 impedita
1104 3274 1172 3316 sus-

162 3333 295 3410 ceptione
313 3334 452 3394 ordinum
463 3378 472 3405 ,
483 3334 593 3394 seilicet
606 3337 634 3395 t.
644 3336 746 3412 Vere,
763 3338 883 3414 quaudo
895 3338 961 3416 qais
974 3356 1042 3398 eum
1053 3338 1172 3401 duabus

162 3414 320 3476 successive
335 3434 439 3478 verum
456 3419 601 3478 contraxit
619 3423 853 3481 matrimonium.
868 3425 898 3482 2.
916 3421 1148 3502 Interpretatioo
1157 3446 1173 3501 ‚a

163 3498 280 3566 quando
294 3502 360 3573 quis
375 3502 435 3561 sold
450 3502 569 3561 fictione
577 3502 653 3579 juris
670 3507 886 3567 censeturduas
906 3505 1171 3581 habuisseuxeres,

81 3641 82 3644 Ἴ
163 3573 268 3648 dequo
284 3580 353 3641 vide
366 3580 417 3645 lib.
438 3586 468 3643 7.
484 3602 517 3644 a.
535 3588 602 3646 444.
624 3588 653 3646 5.
671 3585 946 3664 similitudinarie,
965 3607 1031 3668 quar
1050 3598 1171 3653 coatra-
