2642 4167
420 203 469 263 Ec
483 202 616 286 operibus
628 206 779 268 Benedicti
790 212 892 272 XIV.
1018 278 1021 281 ,
1093 222 1149 280 317
1195 211 1197 213 ¹

146 309 211 360 lens
234 303 656 444 cprumlgougregalionibus,
679 302 853 387 suffragium
878 311 1039 375 decisirum
1063 319 1149 378 serre.

146 385 189 442 lix
211 401 246 444 eo
267 401 326 443 cm.
381 427 389 444 .

187 456 274 527 Plura
289 477 388 529 tamen
408 487 444 531 ex
466 470 531 544 lus,
550 493 615 554 quae
634 476 750 554 exigere
764 476 780 536 l
796 478 993 539 confratribus
1008 481 1152 559 parochus

146 551 269 628 nequit,
284 562 405 629 possunt
423 554 487 613 ficri
502 556 540 618 de
559 560 700 620 mandato
714 560 870 639 Episcopi,
891 572 924 621 ut
944 563 975 622 in
995 565 1152 642 peculiari·

146 632 202 691 bus
222 651 323 694 rerum
343 637 496 699 eventibus
518 642 595 722 saepe
613 643 743 703 decisum
762 653 805 704 est
825 643 843 704 b
861 646 891 705 S.
908 647 1150 726 congregatione.

144 715 192 774 lb.
208 734 238 775 n.
253 717 302 777 98.

186 800 353 861 Conl'nurcs
371 822 431 866 non
450 819 572 886 possunt
592 821 754 890 quaestuore
766 813 853 874 eliam
869 833 923 892 per
937 817 1085 894 propriam
1100 818 1152 874 Ec·

145 881 283 952 clesiam,
299 886 355 946 nisi
372 890 410 949 dc
428 891 545 953 lieentia
562 896 730 967 Ordinarii,
747 907 780 958 ut
796 916 831 957 ex
852 898 968 957 decrero
980 902 1010 959 S.
1024 902 1152 977 Congre-

142 964 283 1046 'galionis
296 972 395 1033 blissas
415 977 486 1037 verb
505 997 540 1037 ex
558 983 717 1057 quaestibus
731 983 788 1042 illis
801 982 949 1054 collectas,
966 985 1152 1044 celebrandas

145 1069 210 1111 esse
227 1054 256 1113 in
270 1056 369 1116 eidem
383 1061 506 1122 Ecclesia
518 1107 526 1133 ,
539 1082 599 1123 non
613 1065 685 1127 verb
697 1067 728 1127 in
741 1066 900 1145 parochiali
911 1070 1023 1128 censuit
1035 1069 1065 1127 S.
1075 1069 1152 1129 Con·

146 1139 280 1213 gregario
293 1142 426 1202 Consilii.
445 1146 488 1204 lb.
505 1165 535 1205 n.
550 1150 618 1208 152.
988 1154 990 1159 ’

191 1222 274 1281 lnlcr
294 1225 544 1288 confraternilalcs
562 1232 704 1293 laieorum
726 1236 776 1294 illa
796 1236 953 1314 praecedit,
971 1258 1036 1315 qum
1058 1238 1151 1298 estin

123 1368 128 1375 ¹
145 1306 328 1380 possessione
345 1312 525 1386 praecedendi
542 1336 549 1373 ε
567 1326 596 1374 et
614 1316 681 1377 raim
700 1317 774 1380 nibil
787 1323 820 1380 ea
833 1322 869 1381 de
884 1340 917 1381 re
933 1333 1062 1392 constet,
1076 1342 1152 1399 prar-

146 1388 253 1448 cedcrc
269 1391 316 1450 illa
333 1392 437 1464 debet,
451 1416 516 1472 qiam
533 1396 615 1475 priris
633 1403 721 1460 saccis
736 1404 962 1474 indueremur
977 1423 1012 1464 ex
1027 1407 1149 1467 Conslil.

145 1473 197 1531 ea.
215 1473 300 1554 Grep.
313 1477 347 1536 X
348 1479 408 1538 111.
424 1492 545 1543 corrslal.
562 1486 633 1545 lust.
644 1476 721 1545 ¹Eeel.
738 1491 803 1548 loe.
821 1507 852 1548 n.
868 1491 918 1549 84.

186 1555 242 1616 Sed
257 1559 286 1614 in
303 1563 553 1637 processionibus,
569 1568 599 1627 in
620 1569 728 1645 quibus
745 1571 876 1632 defertur
889 1573 939 1630 SS.
951 1570 1150 1643 Eucharistia,

146 1641 395 1703 eonlralcrnilalis
412 1648 463 1706 SS.
478 1650 679 1722 Sucronensi,
696 1656 719 1712 si
741 1673 822 1715 sacco
843 1655 998 1730 induatur,
1016 1658 1152 1734 precedit

141 1724 284 1800 caeteras,
302 1736 336 1786 ul
353 1726 483 1790 decisum
507 1734 539 1793 in
558 1735 633 1795 Roli
653 1738 794 1798 Romana.
813 1736 887 1796 ibid.
904 1756 935 1796 u.
953 1739 1002 1798 85.
1022 1802 1030 1811 ,

518 1913 785 1974 CONSECRATIO.

186 2070 217 2129 Si
230 2072 353 2148 parieles
362 2077 493 2136 Ecclesiae
510 2080 569 2139 siut
583 2081 741 2151 dcslrucli,
757 2093 787 2144 et
802 2083 818 2144 ir
832 2083 1030 2151 fundamentis
1041 2086 1150 2151 iterum

142 2153 382 2228 reoedibccnlur,
405 2162 527 2220 Ecclesia
547 2163 609 2241 jam
635 2178 798 2227 consecrem
823 2167 932 2229 ilerum
957 2173 1150 2232 consecranda

143 2247 207 2312 cst,
228 2250 259 2298 ut
279 2258 314 2299 cr
334 2243 425 2303 Tilul.
445 2251 480 2305 ‹lc
496 2249 626 2310 Corrscer.
641 2249 706 2311 ecel.
721 2250 766 2311 oei
780 2250 834 2312 cll.
849 2255 969 2314 ssrrnenl
983 2257 1148 2316 cononislae.

144 2324 223 2380 lnsl.
236 2324 311 2411 Ecel.
324 2327 369 2398 67.
382 2347 413 2386 η.
425 2332 454 2389 2.
465 2331 599 2392 Ollieiom
616 2336 687 2395 verb
699 2338 814 2396 reeiluri
827 2338 914 2396 debet
924 2339 960 2419 de
973 2340 1065 2416 priori
1079 2356 1148 2401 con·

141 2407 325 2483 secretione,
345 2426 403 2470 non
424 2413 460 2472 dc
480 2419 616 2475 secundi.
633 2419 677 2476 lb.
694 2438 722 2476 n.
739 2422 769 2477 6.

185 2488 293 2550 Allaris
314 2499 490 2557 consecracio
513 2498 599 2577 plane
618 2501 753 2560 dislinela
774 2501 849 2560 osli
869 2504 1085 2563 consecratione
1097 2505 1150 2562 Ec·

143 2571 243 2634 elesiae
253 2618 263 2651 ‚
288 2583 322 2634 ut
338 2596 373 2636 cx
387 2581 549 2644 Pontificali
567 2584 700 2644 Romano
717 2595 885 2645 annulatur.
901 2587 945 2644 lb.
963 2604 994 2645 n.
1010 2588 1039 2646 8.

381 2758 629 2822 consrrrurro
648 2760 915 2828 urrurnrrus.
960 2840 963 2847 ἱ

184 2928 314 2990 Publicis
338 2921 679 2999 reiraciariis'odversirs
701 2940 948 3000 constitutionem
975 2940 1168 3021 Uoipeoitus.

142 3012 351 3090 denegandum
374 3025 418 3075 est
434 3018 485 3076 SS.
499 3021 657 3082 Vialicum.
673 3023 785 3083 Publici
804 3035 902 3085 aulem
921 3035 1078 3084 censentur
1098 3027 1148 3102 qui

141 3114 201 3172 per
214 3095 321 3173 judicis
341 3104 516 3163 sculcutiam
535 3108 672 3167 declarati
692 3116 778 3184 sunt,
801 3109 881 3186 qaibd
904 3109 1032 3170 debitam
1053 3109 1150 3170 eidem
1196 3160 1198 3163 .

140 3182 353 3245 Consliluliuni
375 3189 594 3251 venerationem
607 3192 802 3269 ,obsequium
821 3199 852 3253 et
868 3193 1066 3253 obedientiam
1080 3212 1151 3253 con·

139 3265 303 3327 sarmacilcr
324 3265 541 3346 denegaverint.
559 3276 596 3334 Ul
619 3278 731 3353 pariter
751 3277 795 3337 illi
817 3277 868 3354 qui
891 3275 1059 3352 hujusmodi
1081 3296 1151 3338 con-

140 3348 282 3408 tumaeiae
297 3367 363 3413 rcos
379 3369 410 3410 sc
419 3352 512 3429 judici
534 3359 654 3419 conlessi
669 3370 758 3435 sunt,
771 3361 844 3421 sicut
858 3361 945 3420 eliam
965 3362 1016 3438 qui
1035 3379 1149 3424 sucrum

135 3430 294 3505 >llialicum
309 3441 474 3513 suscepturi
492 3440 724 3505 inobedientiam
735 3462 817 3504 suam
832 3453 862 3502 cl
874 3445 1086 3505 contumaciam
1098 3445 1150 3511 ad-

141 3511 249 3574 rcrsbs
267 3533 331 3574 eam
351 3520 591 3584 constitutionem
607 3526 796 3602 profitentur.
816 3529 949 3605 Denique
968 3530 1023 3613 qui*
1038 3529 1149 3606 aliquid

143 3596 301 3658 cridenlcr
320 3603 497 3664 commisisse
519 3617 681 3669 noscuntur
698 3610 847 3673 manifeste
867 3614 1034 3692 oppositum
1054 3613 1150 3672 eidem

931 3697 993 3757 27..
