2642 4167
420 197 448 280 S.
464 199 516 261 lll.
532 198 578 260 De
590 195 722 279 personis
734 192 851 261 watra
1098 202 1138 263 et

130 314 165 369 nt
179 299 434 385 aliquandoapud
445 299 517 359 alios
527 297 723 360 confiteantur
735 307 932 377 preterquam
947 299 1048 378 siquis
1059 309 1135 362 eset

126 389 214 452 valde
229 385 437 465 scrupulosus,
451 384 489 445 de
508 401 568 462 quo
580 382 855 461 prudentertimeat
870 400 929 455 ue,
946 383 971 444 si
988 383 1025 443 ad
1044 385 1135 447 alium

125 468 245 538 accedat
265 472 317 551 qui
335 475 400 546 ejus
412 467 620 531 conscientiam
637 468 773 546 ignorat,
794 466 967 528 notabiliter
988 476 1063 528 esset
1086 469 1134 529 in·

124 554 315 639 quietandas.
330 557 435 616 Caveat
445 555 556 634 pariter
568 552 769 628 confessarius,
781 569 820 612 ue
828 551 988 613 sollicitum
999 570 1031 612 se
1039 560 1133 615 osten·

123 645 194 715 dat,
207 660 240 703 se
257 640 334 700 velle
348 636 471 715 alicujus
492 637 599 696 animm
617 635 810 696 directionem
825 637 981 714 suscipere.
995 639 1026 696 2.
1049 639 1133 697 Nun·

121 745 213 806 quam
225 726 335 801 absque
346 723 514 782 necessitate
529 720 566 779 de
581 720 708 780 aliorum
718 721 959 781 confessariorum
972 720 1132 782 defectibus
1172 741 1179 752 ·

120 813 264 910 loquatur
276 852 285 882 ,
299 808 352 869 sed
365 804 463 886 potiris
476 804 578 866 sednld
591 811 705 884 quaerat
723 822 773 865 eos
783 804 820 885 ab
833 805 932 882 aliquo
943 824 1043 866 errore
1052 824 1133 866 com·

120 914 212 959 masso
226 909 376 954 excusare.
392 892 421 952 5.
437 891 635 950 Directionem
651 906 711 948 nnn
724 888 991 966 suscipiatalicujus
1001 890 1053 968 qui
1067 891 1133 951 vult

118 979 299 1045 directorem
325 994 413 1035 suum
436 970 625 1051 relinquere,
650 972 707 1032 nisi
729 972 805 1032 adsit
821 990 928 1051 urgens
961 992 1067 1041 causa,
1097 981 1132 1034 ut

117 1062 270 1125 doaeutS.
283 1056 444 1140 Pbilippao
454 1059 584 1129 Nerius,
602 1060 635 1119 8.
648 1055 822 1117 Fraucieoas
834 1054 980 1119 Salcaiae.
993 1059 1026 1118 8.
1040 1058 1132 1119 Caru-

27 1144 38 1163 ““
119 1145 171 1210 ius
183 1149 387 1216 Borroruaeas,
400 1151 431 1204 ct
446 1143 496 1203 alii
507 1161 562 1219 ιιι
579 1141 634 1202 boc
647 1144 727 1202 anim
742 1140 817 1218 saepe
830 1141 1049 1223 dissipationes,
1061 1160 1132 1220 pcr-

120 1233 327 1306 turbatiaoes,
344 1240 376 1290 et
391 1228 569 1308 quandoque
591 1229 679 1289 etiam
697 1227 830 1287 seandala
850 1228 1000 1288 oriuntur.
1018 1228 1132 1289 Adver-

119 1325 239 1394 tatqne,
265 1313 302 1373 ad
327 1312 504 1372 mutandam
522 1312 731 1373 confessarium
763 1329 823 1369 non
855 1312 924 1370 satis
950 1329 1029 1380 esse,
1049 1312 1131 1390 quiid

119 1402 271 1480 poenitens
281 1398 412 1474 aliquam
423 1415 491 1475 erga
508 1416 577 1458 eum
593 1396 843 1456 abominationem
854 1396 960 1456 sentiat
970 1439 979 1469 ,
989 1395 1037 1455 vel
1050 1396 1130 1474 qubd

118 1483 258 1544 videatur
275 1482 374 1541 verbis
394 1482 485 1559 ipsius
503 1482 592 1542 fidem
617 1498 680 1540 non
697 1476 824 1556 ampliais
847 1477 977 1555 habere3
992 1490 1027 1538 ut
1049 1482 1131 1542 enim

118 1570 163 1629 ait
175 1567 207 1627 S.
226 1564 379 1637 Tlrercsia,
391 1563 467 1644 saepe
484 1575 528 1626 est
547 1565 690 1625 daemonis
707 1564 839 1623 tentatio.
857 1562 941 1623 Unde
951 1565 983 1622 8.
993 1562 1131 1621 Francis·

117 1645 313 1713 eusSalesitta
326 1649 368 1710 sic
380 1648 485 1709 ducet:
503 1647 708 1728 confessarius
731 1665 793 1706 uon
813 1653 857 1705 est
875 1644 1041 1704 variandas
1065 1646 1129 1706 siue

155 1735 208 1795 avi
222 1732 348 1794 ratione.
363 1732 420 1794 Sed
439 1736 541 1795 coatrd
557 1751 648 1815 aequa
664 1730 783 1812 expedit
800 1731 834 1790 iu
851 1727 905 1789 boo
921 1746 980 1790 esee
997 1728 1132 1790 invaria-

115 1753 197 1888 bite,
216 1816 244 1876 si
267 1813 403 1895 lepitirnae
421 1835 517 1878 causae
543 1816 718 1877 titulationis
740 1813 960 1895 superveniant.
984 1794 1168 1875 aeternan‘

116 1901 238 1961 dicits.
253 1898 389 1959 Titaresia
403 1900 512 1977 justam
533 1920 596 1963 esse
619 1918 704 1980 posse
723 1918 841 1960 causam
862 1899 997 1959 mutandi
1018 1901 1131 1960 eunies·

117 1986 251 2054 sarium,
273 1983 419 2044 deiectum
446 1986 607 2057 bonitatis,
628 1987 669 2046 ita
693 1986 831 2062 inquiens
851 2004 860 2043 ι
880 1983 916 2045 si
934 1982 1129 2064 confessarius

117 2065 260 2151 proclivis
278 2064 371 2128 alicui
380 2068 511 2130 caecitati
523 2077 684 2152 appareat,
698 2076 847 2144 mactetur,-
863 2068 928 2130 edm
940 2068 1003 2150 ipse
1020 2071 1061 2130 sit
1074 2089 1128 2130 aa·

22 2166 24 2171 ’
117 2171 197 2225 aas,
214 2168 308 2211 eonas
330 2148 405 2214 aliae
424 2151 536 2234 efficiet.
559 2157 717 2233 Propterea
737 2155 847 2232 poterit
869 2170 929 2214 esse
948 2154 1025 2230 justa
1042 2173 1127 2214 causa

110 2235 276 2307 mutandi,
292 2235 422 2297 delectus
440 2239 603 2315 doctrinae3
627 2239 665 2298 de
689 2236 746 2297 hoe
763 2247 860 2298 tamen
880 2248 990 2297 certam
1012 2246 1127 2316 oportet

117 2318 231 2379 babere
241 2321 513 2399 praesumptionem.
527 2325 570 2382 De
581 2332 704 2393 caetero,
721 2323 762 2382 ait
780 2322 812 2381 8.
832 2319 985 2392 Therasia,
999 2321 1077 2398 qubd
1089 2322 1127 2382 de

22 2472 23 2475 Ἴ
118 2403 220 2465 dubiis
239 2402 316 2464 beuti
338 2414 434 2483 potest
455 2407 600 2485 paenitens
624 2407 697 2467 alias
717 2406 818 2465 doctos
840 2405 999 2466 directores
1021 2425 1127 2466 consu·

118 2489 202 2558 lere,
216 2488 276 2549 ime
299 2489 457 2568 aliqnando
472 2491 528 2552 hoe
548 2492 672 2553 omnini)
687 2492 815 2569 expedit.
829 2492 859 2549 l.
872 2492 968 2549 Evitct
986 2492 1127 2550 conlassa-

118 2572 182 2632 rius
196 2572 349 2649 partialem
358 2591 389 2633 se
400 2576 553 2636 ostendere
567 2579 634 2635 eum
651 2575 750 2652 aliquo
764 2576 936 2651 paenitente.
951 2574 1076 2644 Quidam
1090 2574 1131 2635 ad·

118 2656 1127 2732 aliquamanimibenevolentiamnimisadjiciunt3cumillnomucru

118 2755 240 2809 curam,
267 2749 383 2818 tempus
405 2751 435 2802 et
452 2744 582 2802 laborem
604 2742 769 2799 insumunt.
789 2740 855 2797 Non
868 2737 1034 2813 negandum
1047 2739 1127 2816 quiid

117 2824 219 2900 aliqua
234 2823 332 2883 anima
355 2827 533 2905 quandoque
553 2825 660 2904 majori
681 2821 828 2900 indigebit
845 2821 1024 2890 assistentii,
1038 2824 1128 2899 quinq

118 2907 176 2966 ulia
191 2906 265 2980 ;s‘cd
282 2908 339 2967 alia
359 2919 404 2969 est
424 2912 605 2986 assistentia,
620 2909 677 2969 alia
690 2915 734 2968 cst
744 2905 888 2979 adhaesio,
902 2924 967 2983 qnae
978 2905 1081 2977 efficit,
1095 2917 1129 2970 ut

117 2991 238 3069 parcior
249 3010 317 3051 cura
336 2993 375 3054 de
392 2994 456 3055 aliis
471 2997 684 3074 paenitentibus
706 2993 861 3056 habeatur.
876 2989 947 3052 ldcd
969 2991 1127 3070 expediet,

118 3084 151 3133 nt
172 3074 366 3136 corrloesarius
390 3097 522 3156 personae
542 3080 587 3139 illi
609 3078 800 3156 indigentiari
822 3077 952 3154 aliquem
974 3076 1054 3135 diem
1077 3085 1129 3137 aut

117 3164 239 3235 tempus
272 3161 450 3239 particulare
481 3164 629 3244 assignet,
651 3165 725 3242 quin
753 3163 803 3222 alii
833 3161 1055 3222 incommodam
1081 3180 1130 3222 re·

117 3241 242 3319 cipiunt.
472 3257 474 3263 ·

158 3325 231 3385 tul.
253 3326 283 3386 5.
315 3327 351 3388 ln
383 3331 562 3412 excipiendis
592 3331 821 3395 confessionibus
851 3326 959 3387 harum
990 3346 1130 3406 persona·

117 3426 191 3468 rum
211 3410 413 3487 spiritualium
439 3418 631 3478 confessarius
649 3418 752 3478 carere
775 3413 881 3483 debet,
908 3429 946 3471 nc
974 3413 1062 3474 nimis
1083 3426 1129 3475 at·

120 3492 205 3553 tollat
226 3510 356 3569 rocem,
377 3503 512 3578 quamvis
532 3502 569 3561 de
586 3501 710 3580 peccatis
729 3516 789 3558 nou
807 3497 946 3575 loquatur
968 3516 976 3555 a
1000 3501 1067 3577 qnia
1092 3519 1129 3562 ex
1151 3546 1154 3550 -

119 3574 327 3729 boraraccidffie
342 3595 456 3665 potest,
470 3596 505 3649 ut
518 3587 569 3650 alii
581 3593 771 3670 expavescant
787 3601 852 3645 suas
864 3583 1128 3728 cnlpasgcouliteri,

190 3680 249 3726 aru.
323 3706 333 3728 .
