2642 4167
94 228 95 231 ¹
170 227 175 238 ·
197 203 234 266 98
430 241 434 246 ·
473 203 584 266 Prasia
601 203 784 285 coralessorii.
804 207 876 286 cop.
891 207 921 267 ἃ).

195 313 288 382 utque
306 299 471 386 prasertim
491 305 576 366 alicui
597 308 755 384 Anonymo
774 305 1003 383 respondeatur,
1016 306 1068 384 qui
1081 307 1114 368 tn
1127 324 1199 387 qua·

195 387 262 450 dam
280 409 330 450 sua
343 392 471 469 Epistola
490 390 565 450 mihi
579 390 776 462 contradixit,
795 390 892 468 aliqua
911 389 1063 467 objiciens.

233 474 307 536 Dico
327 484 426 536 autem
445 475 684 536 maledictionem
702 481 886 534 attortuorum
894 519 904 549 ,
918 492 972 553 per
988 492 1019 535 se
1032 471 1198 553 loquendo,

194 575 253 617 non
270 576 332 617 esse
349 557 578 637 blasphemiam,
596 573 692 636 neque
706 559 738 617 in
754 575 803 630 se,
819 574 915 635 noque
926 577 962 617 ox
977 558 1120 620 relatione
1134 561 1200 619 illo·

194 659 279 714 rum,
298 643 349 720 qui
368 661 434 703 cunr
454 643 661 721 pronuntiant.
677 643 743 702 Non
762 650 807 703 est
818 642 848 701 in
868 659 917 712 se,
933 642 1001 720 quia
1016 661 1073 703 uox
1090 642 1202 705 mortui

193 724 313 803 proprie
332 736 376 787 est
393 728 539 786 terminus
560 724 752 805 privativus,
768 725 819 803 qui
832 724 967 785 homines
984 726 1128 804 significat
1139 728 1200 786 vitai

193 810 324 881 functos,
340 830 418 870 nunc
440 807 568 887 amphias
590 827 651 867 non
671 807 847 884 existentes3
868 818 899 868 et
917 809 950 868 in
974 811 1024 869 tali
1046 811 1199 887 supposito

194 892 318 953 verbum
341 893 454 956 rraortue'
473 912 527 954 nec
546 892 694 966 animam,
718 911 773 953 nec
793 909 900 969 corpus
917 893 1070 970 importat.
1089 896 1201 966 Quaem-

192 976 294 1037 obrcm
311 978 459 1056 loquendo
479 978 510 1037 in
531 975 733 1056 philosophico
753 977 870 1053 rigore,
894 978 946 1054 qui
963 980 1087 1037 mortuis
1108 978 1202 1038 malo-

192 1060 264 1120 dieit
287 1063 397 1121 nemini
422 1060 563 1139 injuriam
587 1059 729 1139 irrogat:
760 1059 833 1122 daim
854 1077 918 1123 rem
940 1061 1108 1135 maledicit,
1131 1077 1201 1139 qum

192 1142 317 1221 amphias
337 1162 396 1205 nou
416 1147 527 1204 existit.

230 1229 313 1288 llioot
335 1230 459 1307 aliquis3
481 1229 531 1288 sed
550 1228 599 1290 hic
616 1246 674 1293 vox
694 1227 806 1290 mortui
825 1227 985 1306 accipitur,
1007 1247 1068 1290 non
1088 1238 1122 1291 ut
1137 1240 1201 1292 ter·

193 1310 291 1370 minus
314 1312 500 1392 privativus,
516 1314 566 1373 scd
586 1315 783 1374 interminus
803 1310 967 1393 anuloque,
984 1314 1036 1390 qui
1057 1316 1199 1392 utrique,

191 1404 251 1453 taor
266 1394 372 1454 animas
388 1394 476 1474 quim
491 1399 606 1476 corpori
620 1398 725 1457 referri
742 1406 847 1477 potest.
860 1396 1032 1474 despondeo
1048 1397 1200 1476 primiam,

191 1478 271 1557 qubd
291 1480 316 1540 is
333 1481 384 1557 qui
401 1480 457 1541 hoc
474 1479 562 1552 dicit,
577 1482 713 1558 loquitur
728 1479 789 1562 jam
806 1482 843 1540 de
856 1480 1000 1540 relatione
1011 1482 1201 1561 mentis3sed

191 1583 245 1639 ogo
265 1566 373 1642 loquor
391 1564 428 1625 de
447 1583 482 1624 eo
503 1566 583 1643 quod
606 1566 732 1625 uerbum
752 1564 864 1628 mortui
883 1566 915 1624 in
931 1583 963 1625 sc
975 1566 1126 1645 importat.
1140 1568 1201 1627 Sed

190 1648 286 1708 adhue
307 1649 393 1709 illum
415 1650 559 1710 sumendo
583 1658 616 1708 ut
643 1650 804 1708 terminum
829 1644 1010 1727 conloquor,
1034 1650 1201 1726 respondeo

189 1731 340 1801 secundo,
365 1730 445 1809 qudd
469 1733 524 1791 sub
548 1750 617 1792 voce
640 1734 753 1793 atortai
773 1733 994 1811 principaliter,
1018 1740 1049 1792 et
1067 1730 1102 1792 a'n
1120 1742 1202 1795 recto

190 1818 236 1893 (ut
252 1817 354 1875 dieunt
370 1814 550 1893 philosophi)
565 1816 660 1876 solium
676 1817 759 1876 uenit
775 1833 881 1894 corpus
892 1859 900 1887 ,
911 1816 991 1893 quod
1007 1818 1103 1877 solum
1116 1835 1202 1877 mor·

190 1910 275 1960 taam
297 1900 354 1960 dici
376 1910 491 1978 potest,
513 1900 581 1961 caim
602 1903 702 1960 aninaa
723 1900 901 1960 immortalis
920 1901 970 1959 sit.
984 1903 1142 1961 Dumtaxat
1161 1901 1202 1962 ira

190 1983 306 2064 obliquo
323 1984 418 2044 anima
433 1985 516 2061 queit
536 1986 683 2045 intellecta
697 1986 800 2044 venire
812 2028 821 2053 ,
835 2002 942 2063 nempe
953 1985 1052 2044 anima
1066 1987 1174 2045 mortui
1188 2030 1200 2060 ‚

190 2068 226 2127 cd
244 2069 323 2146 qtibd
343 2070 413 2127 olim
431 2069 492 2146 ipsa
514 2070 607 2129 forma
621 2070 678 2129 suit
691 2069 822 2145 corporis
840 2070 938 2145 illius,
957 2070 1003 2128 cui
1017 2070 1107 2130 vitam
1120 2089 1203 2149 prae-

189 2152 265 2211 buit.
286 2155 324 2211 nt
343 2154 495 2230 supposito
514 2152 594 2230 qudd
616 2171 675 2213 vox
699 2160 834 2213 aaaortuaa
854 2152 1057 2230 principaliter
1077 2155 1202 2231 respicit

189 2252 315 2314 corpus,
341 2246 370 2294 et
390 2235 489 2296 minuis
507 2237 711 2315 principaliter
732 2239 881 2308 animam,
903 2235 972 2296 etim
990 2237 1095 2315 aliquis
1114 2255 1201 2297 mor·-

191 2328 254 2381 tuos
271 2319 421 2389 nominat,
442 2336 496 2396 per
513 2338 543 2379 sc
564 2321 732 2398 loquendo,
756 2337 817 2380 non
839 2321 876 2379 dc
898 2336 1002 2380 eorum
1018 2321 1173 2380 animabus
1184 2369 1197 2399 ‚

189 2404 239 2463 scd
258 2403 295 2465 de
313 2403 486 2481 corporibus
506 2404 706 2483 intelli'gitur3
724 2410 758 2464 ut
770 2404 807 2464 de
825 2403 980 2462 animabus
1000 2404 1197 2482 intelligatur,

189 2506 263 2566 opus
282 2497 343 2557 est,
362 2496 396 2547 ut
417 2487 467 2546 ille
488 2496 540 2552 aut
561 2489 713 2567 speciatim
733 2490 764 2548 in
787 2506 839 2547 sua
862 2497 962 2547 mente
981 2487 1019 2548 de
1040 2488 1200 2550 animabus

188 2572 270 2650 loqui
291 2571 453 2644 intelligat,
471 2579 523 2631 aut
537 2573 640 2632 saltem
654 2571 734 2650 qudd
748 2572 803 2630 alia
821 2572 966 2633 sermonis
978 2573 1067 2632 verba
1082 2574 1199 2634 animas

188 2656 351 2727 denotent,
373 2664 462 2734 prout
484 2665 528 2716 est
548 2655 622 2716 illud
643 2655 723 2733 quod
746 2656 887 2732 scriptum
909 2655 1003 2715 estin
1024 2653 1199 2717 blachaboeis

187 2738 220 2820 (l.
233 2740 276 2818 2.)
287 2763 297 2799 .-
308 2742 418 2800 Soteoto
433 2747 460 2799 et
473 2738 602 2803 solobria
612 2747 654 2800 eat
666 2739 801 2820 capitatio
812 2783 820 2811 ,
833 2757 887 2820 pro
900 2736 1046 2816 defaecatis
1060 2758 1195 2802 exorare.

189 2823 242 2886 the
257 2822 381 2883 verbum
392 2866 400 2894 ,
411 2839 550 2897 exorare,
565 2822 628 2901 jam
647 2823 768 2890 denotat
784 2821 822 2884 de
839 2823 992 2891 animabus
1004 2833 1195 2889 mortuorum
1273 2865 1275 2870 ι

188 2907 252 2970 lieri
269 2923 446 2967 sermonem.

224 2993 323 3051 Perse
338 2991 430 3068 igitur
446 2991 595 3069 loquendo
604 3035 613 3067 ,
628 2991 795 3054 maledictio
813 2999 996 3053 nauticorum
1010 2990 1195 3072 blasphemia

186 3094 246 3138 non
266 3081 320 3134 est.
344 3074 503 3134 Videamus
521 3094 621 3149 nunc,
642 3095 680 3135 an
705 3075 884 3155 blasphemia
906 3077 946 3135 sit
968 3086 1089 3153 propter
1107 3091 1196 3137 men·

186 3162 274 3220 talem
288 3158 460 3219 relationem
475 3177 578 3222 eorum
598 3161 651 3239 qui
674 3160 756 3220 illam
780 3160 945 3239 proleruut.
959 3161 994 3218 Et
1006 3159 1131 3219 dicimus
1145 3178 1195 3220 se·

185 3243 281 3303 cundo
308 3243 392 3314 loco,
421 3261 606 3322 nequaquam
635 3261 672 3303 ex
698 3244 840 3306 relatione
867 3241 1079 3318 blasphemiam
1103 3258 1192 3312 esse,

186 3327 324 3403 quoniam
343 3325 365 3384 ii
382 3327 433 3405 qui
446 3325 570 3387 mortuis
586 3327 792 3397 maledicunt,
814 3323 964 3385 ordinarie
983 3322 1000 3384 h
1024 3325 1195 3385 considera-

185 3410 266 3467 tione
296 3409 462 3470 animarum
494 3411 626 3489 ipsorum
655 3409 864 3489 praescindunt.
890 3407 944 3469 Hic
964 3418 1063 3467 autem
1081 3409 1195 3469 Auctor

185 3491 321 3568 Epistola
336 3509 383 3551 me
400 3493 606 3572 improperat,
628 3493 709 3571 qubd
731 3495 913 3571 distinguere
937 3493 1064 3551 nesciam
1088 3494 1196 3552 termi-

186 3591 259 3634 num
273 3572 476 3637 obotroctunaia
489 3587 631 3640 tortoreto.
642 3576 812 3639 abstractus
821 3622 832 3655 ,
850 3594 898 3638 me
915 3576 1052 3651 instruit,
1071 3574 1122 3636 ifle
1145 3585 1194 3640 cst
