2642 4167
140 246 160 306 8
418 249 530 310 Eraria
545 246 726 329 coactissimi.
745 251 816 331 Cep.
832 254 861 312 l.
1107 309 1109 314 ,
1150 321 1152 323 ,

138 346 290 416 {essarium
311 348 524 426 penitentem,
544 349 615 414 lieet
632 351 749 416 accedat
770 353 979 434 indispositus,
998 360 1036 420 ad
1058 363 1144 425 abso·

137 430 281 499 lutionem
302 433 477 511 disponere,
490 435 699 498 consideranda
718 438 745 497 ei
761 440 955 518 proponendo
971 460 999 503 v.
1014 464 1044 524 g.
1062 447 1142 523 inju-

134 516 212 575 riam
231 518 584 598 maximam,qullllsum
603 521 664 582 suis
676 523 834 583 sceleribus
848 524 956 596 allicit,
975 530 1140 606 periculum

135 598 295 662 imminens
312 601 375 677 ejus
395 603 683 674 damnationis‚etn.
702 606 738 664 Et
758 606 864 683 pariam
886 609 976 669 rescat
992 611 1072 690 qudd
1090 617 1141 675 alii

136 691 307 759 expectent,
319 693 371 746 aut
382 687 534 748 inconfessi
548 687 718 765 discederem
736 691 927 752 confessarius
939 694 1019 753 enim
1036 696 1142 757 deboc

136 766 253 830 tantum
276 770 327 847 qni
347 770 405 831 sibi
426 788 506 830 nunc
525 771 702 844 confitetur,
725 790 785 833 nou
806 773 877 834 verb
900 773 937 835 de
956 778 1020 838 aliis
1039 780 1071 840 in
1091 783 1141 842 die

132 846 236 926 judicii
257 855 405 914 rationem
422 854 548 914 reddero
569 854 667 915 debet.
705 865 708 870 ’
1013 869 1015 874 ·

173 936 202 994 8.
222 938 257 996 Et
274 938 312 997 ita
330 939 418 1000 ctiam
433 939 624 998 confessarius
637 948 755 1001 tenetur
771 939 931 1003 admonere
945 946 1138 1022 poenitcntem

135 1017 173 1079 de
185 1020 284 1099 aliqua
295 1022 375 1082 illius
385 1021 552 1099 ignorantia
565 1023 722 1101 culpabili,
742 1025 804 1084 sive
824 1023 887 1085 baec
906 1027 945 1086 sit
960 1027 1037 1104 juris
1053 1043 1139 1090 natu-

134 1105 224 1178 ralis,
243 1106 306 1165 sive
328 1106 460 1185 positivi.
481 1105 615 1179 Quodsi
638 1109 783 1185 poenitcns
804 1117 956 1170 teneretur
975 1111 1140 1189 ignorantia

134 1189 305 1267 inculpabili
317 1211 327 1265 ς
340 1196 411 1250 tunc
426 1189 451 1249 si
472 1207 504 1249 ea
524 1196 599 1249 esset
619 1191 697 1251 circa
716 1190 812 1252 media
832 1193 906 1252 scitu
930 1200 1088 1257 necessaria
1101 1202 1139 1260 ad

132 1272 276 1345 salutem,
288 1273 376 1335 debet
388 1273 578 1334 conlassarius
594 1273 631 1335 ab
642 1272 697 1334 bac
709 1275 874 1353 ignorantia
887 1294 956 1336 eum
968 1297 1140 1357 removero3

132 1356 159 1418 si
180 1357 239 1418 erit
254 1359 330 1418 eirca
349 1359 428 1428 alia,
450 1357 488 1418 de
507 1357 614 1435 quibus
634 1367 731 1435 potest
749 1358 813 1418 dari
834 1360 997 1436 ignorantia
1015 1364 1141 1425 invinci-

131 1439 222 1513 bilis,
237 1440 305 1503 licit
322 1444 360 1503 sit
375 1441 451 1519 juris
470 1442 583 1514 divini,
606 1448 637 1501 et
654 1441 818 1520 prudenter
836 1443 1025 1504 confessarius
1040 1449 1140 1507 existi·

131 1534 194 1586 uret
202 1525 436 1600 admonitionem
446 1544 505 1586 non
515 1542 577 1586 esse
587 1525 772 1605 profuturam
783 1527 938 1603 poenitenti
949 1571 957 1597 ,
969 1535 1041 1588 tunc
1049 1532 1139 1591 absti-

131 1609 265 1670 nendum
284 1609 396 1670 critob
414 1608 639 1682 admonitione,
657 1618 690 1669 et
708 1610 854 1687 poenitens
873 1609 1085 1687 relinquendos
1106 1617 1137 1675 iu

130 1710 183 1754 sua
200 1694 276 1755 bona
291 1694 360 1755 sade.
379 1695 416 1754 Et
434 1695 467 1755 in
488 1693 543 1755 hoc
562 1695 745 1755 conveniunt
757 1693 891 1753 doctores
905 1694 1054 1770 rigidioris
1070 1717 1138 1759 sen-

130 1779 249 1854 tentim3
262 1779 338 1839 catio
350 1786 413 1848 est,
431 1778 499 1856 quia
518 1780 610 1858 magis
622 1778 786 1838 cavendum
800 1786 843 1837 est
854 1776 870 1835 d
883 1778 1013 1855 periculo
1028 1786 1137 1858 pcccati

129 1859 279 1933 formulis,
293 1860 383 1939 quiam
396 1862 573 1936 materialis,
587 1862 655 1940 quic
668 1863 748 1921 Deus
761 1860 877 1922 tantiam
892 1862 1016 1922 lormalc
1030 1868 1137 1942 panim

129 1945 275 2022 siquidem
300 1944 357 2005 laco
377 1946 564 2006 solummodb
585 1947 617 2005 in
639 1943 846 2004 sutotmnsam
868 1945 976 2022 babet3
995 1947 1050 2007 hoc
1072 1950 1139 2010 inse

129 2029 288 2108 probatum
308 2039 353 2089 est
372 2030 404 2089 in
424 2030 520 2106 Opere
538 2030 640 2090 Morali
653 2027 687 2108 (l.
704 2031 734 2090 s.
754 2035 787 2088 ai.
801 2030 883 2108 610.)
897 2035 964 2090 oum
986 2037 1135 2093 communi

70 2187 74 2194 .
127 2115 190 2173 lttt.
212 2114 313 2191 paucis
338 2114 477 2192 exeeptis.
498 2115 561 2187 Qua
587 2111 625 2172 de
649 2131 683 2172 re
706 2111 754 2175 bic
778 2114 867 2172 etiam
892 2132 960 2173 cum
985 2121 1136 2177 comnauni

128 2194 200 2275 (lo.
209 2216 240 2257 o.
251 2196 334 2276 sto.)
344 2198 484 2264 insertur,
499 2194 579 2273 quod
591 2196 616 2256 si
630 2196 698 2273 quis
710 2197 933 2258 matrimonium
944 2202 1137 2259 coratraxisset

128 2282 292 2342 invalidum
312 2291 434 2361 propter
455 2281 575 2360 aliquod
595 2282 743 2341 occultum
768 2282 1034 2360 impedimentum,
1050 2292 1080 2343 ot
1103 2287 1135 2347 in

126 2366 204 2427 baua
222 2365 281 2427 fide
297 2373 450 2438 maneret,
468 2374 499 2426 et
518 2364 620 2426 contri
644 2365 810 2443 periculum
834 2366 965 2426 subesset
987 2369 1133 2438 iniamim,

125 2449 278 2526 scandali,
302 2459 356 2510 aut
379 2444 623 2521 incontinentia,
646 2449 671 2508 si
694 2450 928 2510 manifestaretur
950 2450 1134 2514 matrimonii

127 2535 266 2606 nullitas,
281 2543 353 2595 tunc
374 2534 748 2595 conlcssa1·iusdcbetenm
768 2534 798 2590 in
812 2550 864 2591 sua
880 2533 957 2591 bona
972 2534 1030 2593 fido
1046 2535 1136 2593 relin-

126 2635 235 2696 quere,
249 2618 344 2678 donee
361 2619 610 2697 dispensationem
629 2617 647 2677 b
664 2636 743 2677 sacra
764 2617 979 2694 poenitentiario
999 2618 1042 2678 illi
1055 2619 1134 2676 obti-

126 2703 227 2764 nuerit
238 2702 351 2781 (excipe
365 2713 482 2779 mmen,
499 2704 524 2763 si
540 2703 720 2780 dispensatio
735 2700 834 2760 statim
845 2744 853 2772 ‚
864 2709 894 2759 et
905 2700 989 2762 lacald
1002 2701 1132 2761 obtineri

124 2785 238 2865 possit).
255 2789 292 2846 Et
309 2788 342 2847 iu
365 2786 421 2847 boe
441 2806 528 2860 casu,
549 2805 657 2865 nempe
676 2784 745 2845 edm
765 2785 796 2843 in
818 2784 894 2843 bona
914 2785 974 2845 lide
997 2786 1131 2853 vivitur,

124 2872 150 2930 si
163 2869 239 2932 lortd
251 2872 397 2949 poeniteas
409 2890 441 2932 sc
457 2880 604 2933 accusaret
621 2886 740 2943 negasse
752 2867 886 2938 debitum
904 2869 1057 2947 conjugale
1069 2871 1136 2929 sine

121 2954 201 3031 justa
215 2973 299 3020 cause
308 2999 317 3026 ,
326 2954 431 3016 dicunt
443 2955 575 3014 doctores
588 2953 692 3031 (lbid.)
708 2951 916 3012 confessarium
931 2953 1039 3013 debere
1053 2958 1136 3030 pari-

126 3047 173 3097 ter
188 3037 224 3097 ad
245 3037 301 3098 boc
322 3039 410 3100 illum
429 3040 577 3116 obligare,
592 3036 718 3098 dicendo
739 3036 771 3095 in
795 3038 942 3112 generali,
963 3036 1044 3113 qudd
1062 3054 1133 3096 con·

120 3119 207 3200 juges
219 3129 359 3183 tenentur
374 3122 430 3181 sub
445 3123 527 3199 gravi
539 3122 666 3182 invicem
680 3119 815 3179 debitum
827 3120 962 3178 reddero.
979 3117 1143 3190 Quomodo.
1211 3192 1220 3206 ·

124 3215 224 3266 eutem
247 3223 279 3267 se
296 3224 400 3285 gerere
416 3206 521 3265 debeat
538 3205 730 3264 confessarius
750 3220 819 3261 cum
842 3202 973 3284 sponsis.
988 3202 1039 3278 qui
1056 3200 1135 3276 jam·

121 3286 185 3366 jam
206 3291 384 3351 contrectari
405 3299 477 3350 sunt
498 3291 722 3350 matrimonium
744 3289 878 3357 nullum,
899 3296 928 3345 ct
949 3287 1040 3344 timor
1061 3305 1141 3363 pru·.

125 3372 292 3440 densescat
311 3376 422 3451 peccati
444 3376 596 3446 formalis,
616 3383 667 3433 aut
688 3371 832 3441 scandali,
849 3372 872 3429 si
895 3370 1135 3432 ntaniicstaretur

124 3457 189 3533 ojus
206 3459 349 3520 nulliias?
360 3462 562 3520 Observantur
577 3459 772 3519 resolutiones
788 3460 819 3515 in
833 3456 929 3532 Opere
942 3456 1057 3531 scripta
1067 3450 1104 3530 (li
1123 3485 1142 3515 ,v

124 3543 154 3602 li.
169 3559 201 3608 tt.
211 3541 312 3620 bib),
327 3542 378 3602 ubi
389 3542 453 3602 susc
463 3544 621 3620 probatum
636 3551 680 3600 est
696 3557 884 3599 communem
897 3556 958 3596 esse
971 3579 980 3603 ,
992 3547 1023 3595 ct
1038 3545 1133 3597 littam

123 3643 159 3691 so
178 3627 301 3694 lentium
318 3644 400 3712 posse
412 3628 586 3709 Episcopum
605 3623 817 3706 dispensarem
831 3620 1044 3701 impedimento
1059 3620 1134 3683 diri-
