2642 4167
349 203 396 265 De
416 198 638 284 obligationibus
655 193 762 264 divers.
779 205 922 264 statuam.
1099 210 1137 271 t7

137 306 266 368 llnmilos
284 312 388 384 contra
405 303 584 381 magnanimi
605 312 693 376 sunt,
706 303 775 380 quio
789 320 850 362 non
868 303 1138 384 propriasperpen·

134 392 207 468 dunt
219 392 317 461 vires,
336 390 388 450 sed
399 390 431 449 iu
445 391 507 449 Deo
517 387 689 459 confidunt,
706 389 753 447 cui
770 388 865 466 placet
885 390 916 448 in
937 399 1036 449 nostra
1051 392 1136 452 infir·

133 476 231 535 mitate
248 492 330 534 suam
351 471 596 549 omnipotentiam
619 472 779 548 extollere3
795 472 875 532 unde
892 473 1039 535 concludit
1056 475 1135 554 qubd

132 556 258 619 humiles
277 561 378 618 omnia
397 557 514 636 aggredi
535 564 670 634 possunt.

169 645 219 703 tl.
233 640 370 703 Secundi)
384 683 393 711 ,
409 641 434 699 si
459 641 570 699 aceedit
587 639 625 699 ad
645 638 848 700 confitendum
867 640 973 719 aliquis
994 643 1136 704 confessa·

132 726 212 796 rius,
233 724 271 786 de
282 724 368 802 cujus
383 724 544 784 idoneitate
561 725 724 803 prudenter
734 724 908 797 dubitatur,
925 728 1135 804 interrogetur,

131 827 168 869 an
181 809 279 869 studio
290 810 485 870 sufficientem
501 827 623 887 operam
635 809 773 881 dederit,
789 819 820 869 ct
832 828 869 868 on
889 810 1008 870 studere
1020 814 1137 888 pergat?

132 911 219 966 nani,
239 901 273 952 ut
285 893 413 952 diximus
433 911 468 952 oa
489 894 539 952 ts.
553 892 587 951 io
605 893 688 973 fine,
705 892 742 951 ad
766 892 841 953 bend
859 895 1058 954 exercendum
1071 894 1136 954 offi-

132 978 211 1037 cium
231 977 397 1055 exeipiendi
420 976 636 1048 consessiones,
657 995 719 1037 non
741 979 810 1037 satis
832 989 876 1038 est
895 979 1052 1055 aliquando
1073 987 1137 1038 stu·

131 1059 240 1120 duisse.
264 1063 356 1126 ltem,
371 1079 409 1120 an
429 1060 587 1120 absolverit
605 1078 654 1121 eos
677 1062 729 1138 qui
748 1063 906 1124 manebant
935 1063 967 1121 in
988 1063 1138 1121 occasione

131 1146 263 1223 proxima
277 1141 386 1221 peccati
400 1187 409 1217 ,
423 1155 474 1203 aut
486 1153 570 1203 erant
586 1145 727 1214 recidivi,
746 1163 799 1204 neo
812 1146 1041 1205 extraordinaria
1054 1147 1136 1223 sigua

129 1246 189 1289 suoe
202 1228 401 1306 dispositionis
420 1225 606 1288 afferebant?
619 1230 648 1288 Si
664 1228 795 1306 unquhm
810 1230 875 1288 talis
885 1230 1075 1289 confessarius
1088 1227 1137 1289 ali·

131 1329 220 1389 quam
233 1315 426 1391 paenitentem
446 1313 629 1371 sollicitasset
650 1313 688 1371 ad
714 1314 832 1391 turpia,
855 1314 1076 1394 interrogetur,
1098 1329 1136 1374 au

131 1398 202 1457 sciat
221 1415 252 1456 se
264 1415 324 1456 non
341 1414 425 1475 posse
448 1397 572 1455 Sacrum
594 1397 713 1467 lacere,
735 1395 807 1455 daim
830 1396 847 1456 h
867 1400 918 1457 SS.
930 1401 966 1457 Ρ.
982 1397 1137 1460 Benedicta

131 1479 213 1540 XIV.
236 1481 461 1541 sollicitantibus
489 1480 626 1558 imposita
652 1490 698 1540 est
723 1479 891 1541 inhabilitas
917 1492 1084 1560 perpetua,
1107 1489 1137 1542 et

132 1565 217 1641 Papae
237 1576 405 1637 reservata,
430 1584 517 1643 quaa,
538 1575 571 1623 ut
588 1565 770 1625 ostendimus
795 1568 827 1626 in
843 1568 940 1645 Opere
952 1565 1028 1645 (tit.
1050 1568 1080 1626 o.
1102 1583 1135 1625 o.

132 1647 223 1726 lob),
243 1660 311 1710 ante
331 1668 451 1710 omnem
478 1650 654 1710 sententiam
681 1650 856 1709 incurritur.
882 1653 927 1709 hn
950 1657 1048 1708 autem
1073 1647 1138 1709 btee

129 1732 299 1794 incurratur
311 1737 400 1795 etiam
424 1735 461 1793 ab
483 1734 710 1811 ignorantibus?
725 1735 854 1792 Observa
871 1751 936 1810 quae
952 1732 1091 1794 dicuntur·
1105 1734 1137 1795 iu

130 1818 235 1878 eodem
250 1818 346 1896 Opere
358 1820 422 1878 loeo
436 1819 534 1878 citato.

169 1904 218 1961 52.
230 1902 349 1973 Tertid,
365 1904 389 1961 si
401 1902 511 1962 aceedit
520 1901 664 1979 parochus
676 1944 685 1971 ,
699 1902 898 1980 interrogetur
910 1905 938 1963 l.
953 1919 991 1964 an
1004 1904 1137 1966 attendat

128 1988 167 2048 ad
180 1988 294 2047 debitas
314 1990 509 2047 correctiones
525 2004 594 2065 erga
614 1986 768 2052 subditos?
782 1986 903 2065 praeeisd
922 2005 990 2066 erga
1015 2008 1064 2051 eos
1083 1992 1134 2070 qui

129 2074 229 2150 aliquo
247 2080 387 2132 tenentur
405 2073 492 2143 odio,
506 2082 556 2131 aut
566 2090 634 2130 eum
648 2072 746 2148 aliqua
762 2075 891 2149 turpiter
904 2086 1134 2150 conversantur,

128 2167 182 2217 out
195 2156 298 2216 domos
310 2174 483 2235 sponsarum
495 2157 695 2233 frequentant.
709 2155 745 2214 Et
759 2154 795 2214 de
811 2155 864 2216 hae
878 2159 998 2218 materia
1012 2159 1135 2238 loquen-

128 2242 189 2315 do,
203 2240 370 2319 hujusmodi
385 2240 528 2318 parochus
541 2239 627 2299 valde
646 2240 868 2300 advertaturad
881 2260 940 2302 non
954 2244 1135 2320 accipiendas
1154 2314 1156 2316 .

128 2328 340 2405 promissiones
353 2334 469 2385 mutuas
493 2325 697 2394 matrimonii,
719 2325 775 2384 nisi
802 2324 906 2402 pariam
932 2325 1022 2399 antri,
1045 2327 1134 2406 quim

127 2410 242 2486 nuptiae
253 2411 314 2469 sint
327 2408 554 2480 contrahendae,
570 2418 603 2466 ut
623 2409 782 2485 prudentes
800 2409 919 2486 parochi
936 2421 1027 2488 agunt
1039 2432 1049 2487 3
1062 2413 1136 2472 alio·

128 2495 204 2571 quin
225 2512 317 2553 omne
337 2502 454 2572 tempus
470 2493 546 2552 illud.
571 2511 663 2570 usque
684 2492 721 2551 od
737 2495 983 2564 matrimonium,
1004 2503 1135 2571 peccato·

124 2595 196 2637 rum
208 2586 324 2656 tempus
337 2580 404 2637 erit.
420 2580 450 2639 2.
463 2578 510 2637 An
533 2578 687 2653 invigilet,
703 2587 735 2636 ut
760 2578 806 2634 sui
822 2578 931 2636 subditi
952 2578 1062 2655 absque
1083 2595 1134 2638 ex-

125 2662 263 2739 ceptione
283 2680 477 2739 personarum
499 2660 632 2739 paschale
656 2660 799 2735 impleant
830 2663 1036 2736 praeceptum?
1055 2662 1134 2733 Quot

124 2764 269 2826 personas
280 2747 313 2806 in
327 2735 525 2808 missionibus
528 2747 696 2805 invenimus
710 2786 718 2813 ,
732 2743 895 2821 praesertim
917 2741 1036 2820 majoris
1059 2747 1135 2806 cuis·

123 2833 312 2903 librationis,
336 2849 404 2910 quae
416 2833 589 2910 permultos
603 2848 698 2890 annos
715 2839 894 2909 praeceptum
911 2830 1036 2909 implere
1058 2833 1135 2893 omi·

123 2917 337 2994 serunt,quin
356 2917 500 2994 parochus
514 2935 564 2975 eos
584 2915 789 2984 admonuerit,
808 2924 840 2975 et
861 2927 1026 2993 opportuna
1049 2916 1134 2980 adhi⁴

122 3000 229 3063 buerit
249 3002 346 3061 media
368 3000 407 3059 od
432 3002 564 3077 ipsorum
578 3001 831 3079 resipiscentiam?
845 3004 875 3060 5.
889 3005 935 3060 An
955 3011 1134 3063 sacramento

122 3085 341 3145 ministraverit
352 3084 511 3163 (praecipue
524 3086 716 3163 poenitentirc)
737 3086 768 3143 in
786 3087 918 3163 periculo
941 3090 1064 3162 mortis,
1083 3097 1133 3149 aut

122 3170 198 3231 edm
222 3170 381 3247 requisitus
403 3171 492 3230 luerit
510 3188 564 3248 per
585 3173 712 3249 seipsum
734 3169 769 3251 (l.
792 3174 822 3230 d.
844 3192 875 3232 o.
898 3174 965 3233 625.
983 3191 1013 3232 o.
1042 3175 1131 3255 Resp.

120 3259 155 3318 2.
170 3263 202 3316 et
215 3257 303 3336 Resp.
318 3255 379 3334 5.)7
394 3256 466 3315 Dico
491 3274 544 3334 per
561 3256 710 3338 seipsum,
723 3257 792 3334 quia
808 3300 817 3329 ,
840 3258 908 3319 edm
929 3260 990 3337 ipse
1012 3271 1132 3339 potest,

120 3358 188 3401 non
208 3339 348 3400 satisfacit
368 3338 420 3399 illa
447 3340 587 3418 paralius
604 3341 799 3402 ministrando
817 3342 898 3417 (tit,
917 3345 945 3402 5.
972 3363 1004 3403 n.
1019 3347 1088 3406 127.
1100 3365 1131 3407 o.

117 3422 230 3501 Hine).
243 3424 275 3481 l.
288 3425 335 3483 hu
358 3424 545 3485 moribundis
567 3424 697 3484 debitam
722 3425 892 3502 praestiterit
916 3428 1133 3490 assistentiam?

118 3510 153 3569 t.
168 3509 218 3568 An
231 3508 263 3568 io
273 3507 431 3569 dominicis
448 3509 602 3570 conciones
614 3508 775 3569 habuerit?
788 3509 898 3568 etenim
911 3511 1055 3587 parochus
1065 3512 1133 3575 oirm

77 3607 80 3612 ·
117 3610 186 3654 non
199 3601 245 3655 eet
261 3590 396 3672 legitime
407 3592 592 3673 impeditus,
606 3592 770 3658 omittendo
787 3594 955 3658 concionari
978 3614 1031 3675 per
1050 3616 1134 3659 mon·
