2642 4167
184 208 224 272 ts
468 205 864 291 Procioearrsessorii.cop.
879 208 910 272 7.

186 308 306 390 prodest
320 308 365 370 oti
378 325 446 370 cum
456 310 498 369 eis
514 310 797 389 interrogationibus
814 308 1006 388 suggestion,
1023 308 1107 371 serbi
1126 327 1194 389 gre·
1225 310 1230 317 ’

188 394 258 455 ait:
283 392 331 455 bi
352 411 433 454 aune
456 392 504 455 dic
529 392 606 455 milii
616 438 627 472 ‚
648 392 761 474 peones
786 393 847 457 lime
872 392 989 472 fecisti?
1011 392 1194 475 Quinquies,

186 476 302 539 decim
318 480 497 557 lnterroget‚
518 495 647 556 quocum
662 479 812 539 dormiunt
825 524 833 548 ‚
847 480 911 539 etsi
928 480 959 538 in
969 481 1044 538 lecto
1057 478 1195 539 manibus

180 560 272 640 iocati
283 563 413 623 suerint?
430 563 544 623 Puellae
556 564 719 641 interroget
731 606 740 632 ,
754 564 779 622 si
796 565 926 640 aliquem
936 561 1078 638 juvenem
1093 579 1195 623 amore

186 646 300 707 fuerint
317 656 480 726 prosecute
493 691 501 718 ‚
516 657 546 707 et
559 665 596 705 an
607 648 757 707 adfuerint
770 647 1079 724 praeoccupationes,
1091 647 1195 721 verba,

152 761 162 777 e
186 740 237 792 nat
252 735 367 792 tectus?
382 734 418 792 Et
428 730 445 791 b
455 733 601 809 responsis
616 731 757 808 procedet
769 731 806 789 ad
825 732 980 790 ulteriores
995 731 1199 808 interrogatio-

188 833 256 892 nes,
276 817 327 880 sed
347 825 446 876 canem
474 816 513 875 ab
536 815 751 892 exquirendae
774 816 900 894 poellis3
918 816 964 874 rel
982 814 1000 873 'a
1021 816 1140 893 pueris,
1156 833 1198 878 an

188 901 312 962 adiuerit
330 902 450 960 seminis
463 900 586 972 ellosio3
608 918 675 959 curn
695 898 742 959 bis
761 902 842 959 enirn
865 897 970 960 melitis
985 909 1031 959 est
1052 899 1149 959 deesse
1161 901 1197 961 in

188 983 357 1063 integritate
370 985 512 1045 materiali
523 984 730 1054 consessionis,
745 983 833 1061 quium
852 1002 913 1043 esso
927 1003 1043 1044 eausam
1054 993 1200 1062 utappre·

188 1065 319 1129 hendent
338 1088 404 1148 quoe
417 1070 550 1129 nondum
564 1069 723 1138 noverint,
743 1070 791 1128 vel
808 1077 957 1146 ponantur
973 1069 1004 1128 in
1026 1071 1197 1131 curiositate

190 1152 370 1214 addiscendi.
386 1156 589 1232 lnterrogetur
600 1154 689 1212 etiarn
709 1152 855 1231 dpueris,
870 1171 907 1211 an
920 1153 1073 1213 attulerint
1091 1155 1199 1223 nuntia

189 1238 238 1297 rel
249 1238 325 1299 done
337 1239 471 1299 virorum
487 1238 662 1298 mulieribus
673 1242 688 1296 ἲ)
701 1240 737 1297 Et
751 1237 855 1316 puellis
867 1281 875 1308 ,
886 1256 924 1297 un
938 1240 1102 1315 acceperint
1117 1236 1199 1299 done

189 1318 206 1381 o
226 1323 358 1399 personis
387 1322 547 1401 suspectis,
575 1340 684 1401 nempe
706 1321 888 1398 conjugatis,
908 1322 1124 1397 ecelesiasticis,
1143 1329 1201 1383 aut

189 1407 358 1483 religiosis?
381 1408 411 1465 6.
434 1408 622 1484 interroget,
645 1424 684 1466 an
704 1406 906 1466 commiserint
929 1404 1066 1477 lurtum,
1088 1406 1134 1466 rel
1156 1423 1202 1466 an

190 1490 333 1549 damnum
347 1490 501 1551 attulerint
523 1490 640 1568 prediis
651 1491 776 1562 alienis,
794 1490 916 1559 bestiis,
939 1499 990 1548 aut
1012 1489 1202 1550 ullomodo?

189 1575 219 1634 7.
234 1575 280 1634 bn
292 1574 381 1634 alicui
395 1574 599 1634 detraxerint?
610 1576 640 1635 8.
652 1577 734 1636 Circo
753 1583 898 1653 praecepta
911 1574 1045 1633 Ecclesiae
1067 1574 1203 1634 interro-

189 1667 256 1737 get,
271 1677 309 1719 an
331 1658 522 1736 impleverint
540 1658 752 1720 contessionem
765 1666 796 1717 et
817 1658 1059 1717 commonionem
1072 1657 1203 1735 pascba·

191 1743 251 1804 lem
264 1747 278 1802 t
290 1745 372 1803 Etan
386 1758 488 1802 carnes
510 1750 562 1801 aut
578 1743 723 1804 lacticinia
743 1742 926 1802 comederint
937 1741 1040 1802 diebus
1058 1743 1182 1814 vetitis?

230 1830 278 1890 ot.
291 1828 377 1901 Quod
395 1837 494 1885 autem
513 1828 642 1906 pertinet
661 1828 699 1888 ad
721 1827 936 1887 absolutionem
950 1825 996 1885 bis
1020 1827 1118 1905 pueris
1136 1826 1204 1887 im·

190 1911 395 1992 perdendam,
414 1927 518 1988 magna
532 1913 697 1989 requiritur
711 1913 845 1970 attentio,
860 1911 890 1970 Si
912 1919 1025 1971 constet
1041 1909 1120 1987 quod
1139 1910 1202 1987 ipsi

189 1996 384 2058 sufficientem
396 2011 483 2055 usum
506 1998 629 2056 notionis
643 1996 706 2075 jam
730 1995 881 2070 habeant,
904 2006 993 2073 prout
1008 1996 1034 2054 si
1060 1994 1202 2056 distincte

190 2080 389 2160 confitentur„
409 2081 457 2140 vel
478 2079 629 2158 adequati
652 2081 936 2159 interrogationibus
948 2080 1146 2159 respondent,
1169 2084 1204 2139 et

190 2172 329 2244 appareat
348 2163 429 2242 qubd
443 2166 498 2243 ipsi
508 2164 570 2242 jem
585 2164 838 2244 comprehendant
851 2184 919 2225 cum
933 2174 1052 2242 peccato
1065 2181 1097 2223 se
1109 2162 1203 2223 olien-

190 2251 266 2309 disse
289 2251 404 2320 Deum,
426 2258 456 2308 et
474 2251 615 2309 meruisse
632 2252 804 2325 internom3
823 2259 896 2309 ωηο
914 2250 938 2308 si
954 2249 1024 2308 satis
1039 2248 1203 2307 videantur
1309 2259 1310 2292 t

191 2334 344 2413 dispositi,
358 2335 559 2396 absolvantur.
573 2338 612 2396 At
625 2337 650 2396 si
672 2338 703 2396 in
717 2336 842 2414 peccatis
854 2333 1012 2394 lethalibus
1034 2341 1103 2392 sont
1122 2332 1206 2392 reci·

192 2420 271 2488 divi,
290 2419 346 2496 ipsi
362 2419 506 2479 tractandi
518 2428 587 2479 sunt
601 2423 678 2481 sicut
691 2421 785 2481 adulti
802 2442 811 2479 ε
835 2420 915 2483 unde
932 2420 956 2478 si
976 2436 1036 2478 non
1048 2417 1204 2496 proebeant
1309 2415 1310 2434 ³

191 2504 420 2566 extraordinaria
434 2506 516 2582 signe
539 2506 670 2577 doloris,
684 2508 829 2568 absolutio
847 2506 890 2565 ais
910 2504 1023 2565 differri
1047 2504 1144 2563 debet.
1166 2502 1203 2565 si

159 2604 161 2607 ⁴
192 2599 290 2649 autem
301 2588 426 2649 dubium
439 2590 478 2648 sit
491 2633 500 2661 ‚
521 2609 558 2650 an
579 2609 654 2667 puer
666 2593 827 2669 perlectum
841 2608 928 2650 usum
941 2588 1065 2649 rationis
1078 2585 1200 2660 babeat,

192 2682 279 2752 prout
296 2673 320 2731 si
334 2672 384 2731 ille
407 2674 438 2733 in
457 2683 523 2734 actu
546 2676 736 2737 consessionis
757 2693 818 2735 non
840 2682 975 2735 maneret
996 2672 1200 2750 compositus,

192 2758 242 2819 sed
254 2758 353 2817 oculos
370 2758 520 2836 ingyrum
538 2768 659 2837 ageret,
675 2761 811 2820 manibus
821 2760 990 2835 jocaretur,
1004 2757 1205 2833 impertinen-

194 2844 233 2903 tia
253 2843 473 2917 interponeret3
497 2852 566 2901 tuno
579 2846 603 2903 si
615 2854 660 2904 est
673 2846 703 2904 in
720 2846 851 2923 periculo
864 2844 970 2904 mortis
984 2885 993 2916 ,
1006 2851 1060 2901 aut
1078 2842 1110 2901 in
1123 2840 1204 2900 obli·

192 2927 310 3006 gatione
336 2925 477 3002 implendi
494 2937 672 3006 praeceptom
693 2928 842 3005 paschale,
864 2926 1060 2988 absolvendus
1077 2935 1122 2985 est
1142 2925 1203 2988 sub
1309 2999 1310 3002 Ἴ

193 3008 378 3084 conditiono;
395 3018 424 3067 et
442 3009 524 3070 tantb
535 3013 628 3090 magis
645 3014 669 3071 si
683 3015 830 3074 confessus
842 3009 1204 3089 faeritaliquoddubium
1309 3009 1310 3056 ἒ

194 3095 318 3156 mortale
331 3091 406 3171 (tat.
419 3095 448 3153 o.
468 3112 500 3153 o.
515 3096 583 3155 452.
604 3113 681 3156 vers.
696 3099 781 3177 1t1.),·
797 3096 872 3160 bene
888 3097 969 3157 enim
990 3104 1087 3173 potest
1105 3093 1206 3157 admi·
1309 3089 1310 3130 ³

194 3181 319 3240 nistrare
348 3189 564 3240 sacramentam
585 3179 641 3240 sub
668 3183 859 3253 conditione,
881 3179 999 3260 quando
1018 3178 1098 3256 justa
1115 3178 1205 3243 adest

193 3282 297 3334 causa,
320 3272 353 3323 ut
369 3273 444 3324 essct
455 3262 517 3323 baec
529 3264 674 3326 liberandi
691 3266 770 3327 bono
781 3285 909 3343 puerum
920 3263 937 3324 b
947 3273 1024 3324 statu
1038 3262 1207 3324 damnatio·

194 3348 251 3419 nis,
268 3349 292 3408 si
304 3365 435 3425 unquam
444 3349 474 3408 in
487 3350 573 3410 illum
586 3359 629 3411 est
641 3351 740 3430 lapsus
749 3351 824 3434 (Lib.
840 3353 870 3413 9.
882 3369 915 3411 n.
928 3349 1001 3427 id).
1013 3348 1107 3425 ldque
1116 3364 1206 3424 egen-

147 3485 150 3494 .
196 3431 286 3502 dum,
306 3433 420 3492 etiamsi
448 3451 523 3510 puer
546 3435 585 3495 sit
599 3436 769 3513 recidivus3
790 3435 863 3497 dirm
887 3433 954 3497 ideo
976 3432 1091 3493 differri
1113 3430 1206 3493 debet

195 3513 340 3574 absolutio
364 3516 473 3594 iis‘qui
494 3520 651 3595 perfeetum
668 3521 876 3583 discretionem
895 3519 1026 3587 habent,
1047 3516 1117 3593 qaia
1135 3530 1207 3592 spes

195 3606 258 3668 est,
277 3596 357 3673 qudd
383 3616 418 3659 ex
438 3600 490 3662 tali
506 3603 648 3667 dilatione
671 3606 727 3684 ipsi
742 3605 865 3673 redeant
891 3603 1025 3683 dispositi
1040 3621 1051 3677 ς
1067 3599 1120 3662 sed
1135 3617 1205 3678 spes
