2642 4167
422 261 449 342 ς.
459 257 494 322 t.
512 258 597 322 Circo
612 251 743 340 officium
753 259 859 340 petris.
1123 265 1143 323 Β

143 375 186 427 est
193 382 248 445 pro
254 362 370 424 viribus
379 360 544 433 efficere,ut
553 359 569 421 ei
578 357 859 439 ponitenmquanu
866 358 904 420 sit
914 359 1034 422 illorum
1047 358 1144 423 desor-

140 452 245 521 mitrs,
260 456 290 528 et
300 446 472 525 magnitudo
482 441 678 524 percipiatur3
692 444 817 522 ideoque
829 446 1002 507 tuncaerior
1016 446 1143 523 requiri·

139 544 191 593 tur
207 532 352 596 eorrectio
364 574 372 600 ,
386 538 419 589 ut
438 531 499 608 ipse
516 528 534 589 a
554 527 655 588 lethali
678 527 811 605 lethargo
829 529 1017 608 expergefiat.
1031 531 1142 589 Verum

137 615 259 693 quidem
279 622 343 684 est,
365 611 445 690 quod
465 611 511 691 (ut
527 612 630 671 dicunt
648 611 795 689 doctores)
817 612 849 671 in
869 620 936 672 actu
956 607 1142 676 confessionis

136 698 284 758 oistineire
300 697 426 756 debeant
443 695 610 756 confessarii
628 695 644 754 a
659 694 843 755 correctione
858 696 988 755 iacienda
999 741 1008 766 ,
1018 714 1056 756 nc
1068 695 1143 757 sorte

136 782 270 842 exterriti
287 780 463 857 poenitentes
478 786 594 856 peccata
610 780 774 852 reticeant,
789 778 982 839 nihilominus
995 778 1050 839 hoe
1062 780 1144 839 intei-

136 866 240 940 ligitur
256 864 431 941 regulariter
446 861 617 940 loquendo,
642 860 782 921 caetertim
801 863 949 922 multoties
967 863 1085 941 expedit
1106 863 1142 923 ati

135 949 278 1009 ulteriora
305 966 366 1007 non
389 948 565 1028 procedere,
588 955 618 1005 ct
640 948 739 1005 statim
759 947 951 1023 poenitentem
973 949 1141 1025 corripere,

135 1032 286 1110 praecipue
298 1030 366 1108 curn
384 1031 543 1089 confitetur
555 1038 707 1107 peceatum
728 1031 812 1089 valde
827 1048 949 1091 enorme
960 1074 968 1100 ‚
980 1041 1031 1089 aut
1042 1033 1067 1091 si
1082 1033 1143 1110 ipsc

135 1115 227 1176 fuerit
245 1117 279 1175 in
296 1116 396 1192 aliquo
409 1114 482 1174 vitio
499 1112 686 1185 habituatus,
700 1121 735 1173 ut
754 1115 862 1192 peceati
878 1117 1049 1192 gravitatem
1063 1129 1143 1174 com·

135 1198 312 1277 prehendat.
326 1197 466 1278 Advertet
486 1206 603 1269 tamen,
619 1215 657 1256 ne
676 1215 745 1256 eum
766 1206 935 1275 exasperet,
958 1217 1011 1258 nec
1031 1209 1143 1276 perter-

137 1293 212 1342 reat.
227 1279 426 1360 Quapropter,
443 1292 598 1360 postquam
610 1298 699 1350 eum,
715 1290 859 1358 quantum
871 1300 945 1360 opus
956 1283 1063 1350 suerit,
1077 1301 1142 1341 cor·

137 1367 285 1445 ripuerit,
303 1367 401 1424 statim
423 1366 449 1424 ei
471 1365 604 1423 animum
623 1364 709 1423 saciat
726 1364 764 1422 ad
783 1365 894 1441 reliqua
912 1375 1028 1443 peecata
1050 1366 1143 1424 consi·

137 1450 245 1520 tenda,
262 1448 363 1509 dicens
383 1470 391 1507 ι
414 1448 474 1529 Ejo
499 1446 613 1526 freter!
625 1447 670 1507 vis
687 1455 713 1505 te
730 1446 768 1508 ab
788 1445 840 1507 icoc
858 1447 929 1506 uitio
953 1449 1142 1529 resipiscere?

136 1535 208 1594 Nou
227 1536 272 1593 ito
286 1539 353 1593 est?
373 1533 411 1591 Et
430 1533 571 1610 quostiam
590 1530 642 1591 icoc
660 1530 755 1611 facere
768 1549 798 1591 es
807 1540 951 1611 paratus,
965 1541 1025 1593 esto
1042 1531 1143 1592 orrimo

135 1615 487 1697 hilari.1toqueeocrrc
506 1612 622 1694 reliquo
640 1623 776 1695 peccato,
798 1614 878 1675 uiuit
894 1616 1025 1676 reticens.
1048 1618 1140 1686 Care,

136 1718 257 1780 quaeso,
278 1719 316 1760 ue
331 1700 373 1761 sis
392 1698 514 1780 aliquod
532 1697 719 1778 socrileqium
744 1700 975 1773 commissurus3
989 1698 1042 1759 hoc
1064 1699 1143 1759 caim

135 1795 209 1848 esset
227 1785 394 1846 murionum
410 1786 543 1844 notatum
560 1793 759 1863 peccatorum,
776 1800 844 1861 quoe
862 1781 1009 1860 hucusque
1025 1781 1144 1842 coturni·

134 1870 213 1931 sisti.
229 1873 328 1950 Ipitur
346 1868 398 1946 dic
410 1868 512 1928 oruuio
525 1869 624 1927 estimo
638 1865 713 1945 sorti
722 1911 730 1939 ,
745 1869 827 1927 vince
842 1867 986 1948 teipsum.-
1001 1868 1143 1948 Confitere

137 1954 240 2014 ouereio
251 1953 382 2014 sinceri:
398 1954 477 2012 Deus
490 1950 569 2011 euim
582 1958 711 2031 paratus
725 1958 769 2010 est
785 1948 839 2010 tibi
850 1969 980 2030 parcere.

176 2042 206 2099 ὅ.
219 2038 333 2097 Deinde
343 2038 374 2096 in
385 2036 445 2095 fine
458 2035 646 2095 consessionis
662 2043 794 2111 oportet,
809 2044 841 2093 ut
852 2035 1042 2096 confessarius
1054 2038 1144 2099 vehe-

136 2120 279 2194 mentiori
294 2121 400 2180 ardore
417 2138 450 2178 ac
464 2119 562 2179 studio
582 2118 752 2188 incumbat,
767 2127 801 2177 ut
822 2120 975 2195 poenitenti
993 2122 1143 2200 percipere
1237 2187 1242 2200 ,

136 2207 222 2267 iaciat
244 2206 420 2283 gravitatem
439 2211 469 2262 et
483 2195 706 2261 multitudinem
718 2200 781 2277 ejus
795 2211 980 2280 peecatorum
988 2213 1050 2278 ‚se
1062 2207 1144 2265 mise·

135 2309 206 2351 rum
221 2288 419 2348 damnationis
436 2296 546 2364 statum
564 2286 596 2345 in
615 2303 675 2363 quo
695 2286 859 2362 reperitur3
876 2287 927 2345 sed
951 2284 1006 2346 hoc
1028 2306 1144 2367 semper

136 2374 353 2434 maximarum
380 2369 521 2429 charitate
546 2368 608 2428 fiat.
631 2366 843 2428 Verumtamen
865 2378 908 2428 est
934 2375 1144 2449 congruentius

136 2465 210 2518 tunc
225 2454 324 2515 verbis
339 2454 524 2533 gravioribus
542 2453 607 2524 uti,
624 2461 659 2512 ut
677 2453 720 2511 sio
737 2450 843 2511 melitis
859 2451 1017 2512 ittonam
1036 2455 1145 2516 mentis

135 2541 254 2616 frugem
264 2538 363 2597 redire
378 2539 488 2617 possit3
501 2534 695 2596 nihilominus
706 2535 821 2595 officere
840 2535 941 2605 debet,
955 2540 1144 2615 utpoenitens

136 2624 285 2699 intelligat
300 2620 467 2698 hoc,quod
487 2622 513 2681 ei
535 2619 663 2692 dicitur,
679 2638 740 2680 non
761 2620 798 2678 ab
817 2620 917 2678 animo
931 2620 1024 2688 irato,
1038 2620 1090 2679 sed
1109 2638 1145 2681 ex

138 2705 281 2783 singuiari
299 2721 399 2763 amore
416 2713 446 2763 et
463 2702 720 2764 commiseratione
740 2719 810 2777 erga
827 2718 910 2758 suam
923 2701 1053 2759 enimam
1076 2722 1146 2779 pro-

139 2789 252 2850 cedere.
277 2786 363 2859 Quod
382 2788 492 2863 poterit
510 2783 566 2846 hoe
586 2783 674 2843 modo
690 2782 816 2858 exprimi
832 2802 841 2838 ε
859 2778 922 2840 etti
938 2780 983 2841 mi
991 2825 999 2852 ,
1016 2786 1145 2845 couside-

136 2890 226 2932 rosne
234 2870 328 2931 uitam
336 2867 490 2946 desiranti,
502 2885 593 2949 queen
603 2864 717 2927 duxisti
724 2872 739 2925 ?
748 2865 915 2947 Percipient
925 2863 1055 2946 matous,
1068 2868 1146 2950 quod

106 2963 279 3037 ·operatus
305 2961 358 3020 es?
374 2953 462 3029 -Quid
495 2953 551 3015 tibi
578 2949 653 3011 moti
682 2949 753 3033 fecit
786 2969 921 3030 uuquam
945 2954 1026 3014 Deus
1055 2962 1142 3029 tuus,

137 3057 226 3120 wem
239 3046 273 3098 tu
286 3036 330 3096 ita
347 3037 459 3116 perdite
472 3034 692 3114 contempsisti?
702 3037 736 3095 Si
746 3036 818 3095 Jcsu
830 3034 945 3096 Christo
955 3033 1057 3097 nulius
1068 3037 1147 3114 sut's·

138 3131 184 3182 set
201 3120 257 3182 etti
270 3119 419 3182 inimicior
425 3165 435 3196 ,
452 3119 596 3199 potuisses
617 3136 683 3178 cuae
700 3115 751 3179 ttto
770 3126 796 3178 tc
811 3136 908 3199 perere
929 3119 1078 3199 ch'oreur?
1091 3118 1148 3180 Sed

139 3222 259 3282 queso,
275 3196 478 3263 out'ruo‘cioerte
494 3203 561 3284 quis
573 3200 678 3274 sititis
691 3205 788 3262 lesus.
805 3203 863 3263 Hic
882 3209 926 3262 est
947 3200 995 3261 itte
1015 3202 1069 3279 qui
1081 3202 1147 3262 ceint

140 3295 215 3350 esset
228 3289 330 3359 Deus,
343 3284 569 3367 unitimque,
583 3285 682 3363 factus
697 3294 739 3346 est
754 3286 839 3346 leonio
856 3292 977 3364 propter
993 3290 1018 3341 te
1030 3306 1041 3341 .-
1054 3283 1148 3344 coluit

141 3371 220 3434 uteri
231 3371 265 3430 iu
283 3386 385 3445 cruce,
402 3376 437 3427 ut
455 3376 481 3428 tc
491 3368 526 3428 ete
541 3364 659 3447 insertio
670 3367 830 3428 reditrreret.
844 3367 891 3428 Ah
901 3364 952 3444 sita·
959 3411 969 3442 ,
986 3364 1015 3427 si
1029 3366 1147 3427 iuterim

141 3460 277 3513 oaortuus
293 3470 384 3523 esses,
399 3450 475 3511 siin
491 3452 546 3513 troc
558 3460 654 3527 noete,
670 3454 728 3530 quo
748 3450 846 3510 iturus
863 3450 993 3529 sitisses?
1004 3450 1057 3512 ubi
1069 3469 1147 3511 reicere

71 3537 76 3552 ’
144 3542 242 3597 esses?
258 3552 333 3595 esses
354 3534 389 3595 in
405 3543 513 3610 eterno
532 3537 598 3615 ipae
616 3532 740 3611 inserui.
756 3532 836 3608 Quid
853 3533 888 3595 de
905 3542 930 3593 te
944 3532 1056 3612 suctum
1072 3538 1144 3609 crit,

142 3618 172 3678 si
184 3620 277 3680 ritant
290 3616 431 3680 hacteuus
449 3617 568 3680 drictum
577 3635 685 3702 perpes
701 3618 735 3677 in
748 3616 895 3699 posterior
908 3616 1024 3678 vivere?
1034 3618 1147 3677 Poteris
