2642 4167
116 200 118 204 “
205 196 244 258 86
485 191 803 274 Prttat'acottsessort'i.
820 193 892 276 Cup.
907 192 937 254 7.

205 296 245 358 ob
262 296 342 359 hune
357 297 497 359 timorem
513 312 552 357 ne
569 296 760 358 conbmarius
774 295 831 357 0111
844 313 915 356 voce
931 295 1081 373 loquatur.
1095 298 1125 360 6.
1142 300 1209 362 Nou

204 381 243 442 sit
262 382 354 444 facilis
374 381 546 462 permittere
560 380 675 442 deuotis
691 381 817 460 puellis,
837 388 872 441 ut
893 380 1013 458 capillos
1032 383 1211 459 praecidant,

204 472 234 525 ct
252 467 380 546 aliquem
400 465 525 525 induant
542 464 678 526 habitum
698 466 888 544 religiosum
902 465 953 526 sed
972 473 1073 539 curet,
1088 476 1123 527 ut
1139 469 1210 546 ipsae

203 549 286 628 priirs
304 569 357 630 per
377 551 506 610 multum
525 556 642 628 tempus
662 550 693 610 in
706 550 767 610 vita
784 549 930 627 spirituali
948 550 1029 624 etin
1048 551 1211 612 virtutibus

203 633 290 695 iixids
311 634 424 695 radices
437 635 626 695 immiserint.
646 635 771 712 Propter
793 635 878 694 istam
896 635 1020 694 nimiam
1040 634 1210 698 facilitatem

202 718 467 792 confessariorum,
489 718 562 796 quot
582 718 687 795 puelloe
708 728 807 796 postea
827 716 961 777 habitum
983 717 1160 792 dimittunt,
1179 730 1213 782 et

202 808 320 882 nuptias
333 807 437 865 ineunt
449 823 515 865 cum
531 803 667 863 scandalo
681 803 757 880 loci,
774 812 804 864 et
820 803 898 863 malo
912 804 1046 882 exemplo
1061 805 1206 866 aliarum!

138 907 143 913 ·
202 890 231 950 7.
250 893 352 968 Neque
372 889 418 950 his
436 890 541 971 puellis
562 888 713 964 indulgeat
734 888 942 959 confessarius,
963 899 996 948 ut
1017 887 1033 948 ir
1058 890 1130 950 viris
1153 890 1210 950 do-

202 984 323 1035 ceantur
335 976 451 1053 legere,
465 983 494 1034 et
505 973 587 1034 tontd
600 971 700 1033 minus
716 973 855 1033 scribere.
870 973 949 1046 Quot
966 973 1072 1050 puellae
1093 973 1211 1052 simpli·

201 1075 265 1134 ces,
282 1059 351 1136 quia
370 1058 537 1118 didicerunt
557 1057 676 1135 legere,
703 1057 809 1119 animae
825 1056 972 1133 jacturam
996 1056 1114 1119 luxere!
1138 1060 1210 1120 ilaec

201 1141 226 1201 si
248 1160 309 1202 non
327 1152 372 1203 est
394 1142 527 1221 proxima
547 1142 656 1221 peccati
676 1143 807 1214 occasio,
825 1142 928 1201 saltem
948 1149 993 1201 cst
1018 1160 1079 1203 non
1092 1141 1209 1221 partim

201 1227 374 1302 periculosa.
387 1227 417 1287 Si
430 1227 553 1305 cupiunt
571 1226 640 1285 talia
654 1225 804 1287 addiscere
814 1269 822 1297 ,
832 1235 936 1285 curent
947 1224 1046 1286 doceri
1059 1225 1096 1285 ab
1109 1227 1209 1305 aliqua

200 1309 256 1369 alia
282 1311 501 1380 mulierc,.aut
524 1309 681 1388 abaliquo
704 1309 795 1369 fratre
819 1309 942 1388 parvulo
962 1309 1003 1388 (ct
1025 1309 1120 1370 adbuc
1138 1329 1210 1371 cum

201 1394 323 1471 cautela)
336 1439 344 1466 ‚
358 1395 490 1472 alioquin
512 1411 560 1454 eas
579 1412 639 1454 non
658 1394 807 1470 absolvat3
828 1412 882 1453 nec
897 1394 985 1453 etiarn
1002 1394 1132 1454 absolvat
1144 1413 1210 1454 ma·
1251 1407 1254 1414 ’

201 1488 260 1539 tres
278 1498 345 1558 qun
363 1478 419 1538 hoc
442 1473 629 1556 permittunt.
650 1479 680 1538 8.
697 1480 800 1554 Neque
819 1477 958 1538 concedat
977 1478 1103 1537 foeminis
1119 1477 1209 1556 juve-

201 1563 289 1622 nibus
306 1573 341 1623 ut
360 1571 484 1641 rogent,
506 1560 640 1622 ecclesias
657 1561 824 1633 visitando,
849 1571 942 1638 utque
962 1561 993 1620 in
1009 1563 1127 1621 eeclesia
1148 1581 1214 1622 mo·

200 1656 320 1717 rentur,
332 1647 398 1725 plus
409 1646 498 1726 quim
511 1656 555 1706 est
566 1647 762 1707 necessarium
774 1690 782 1717 ‚
792 1664 859 1706 cum
871 1645 1091 1724 perturbatione
1099 1665 1209 1726 paren·

176 1740 265 1819 ⁸ttrrn
276 1751 285 1806 3
298 1731 349 1791 sed
369 1749 416 1792 eas
433 1740 574 1803 moneat,
597 1739 630 1790 ut
647 1730 803 1790 attendant
821 1732 864 1790 eis
888 1729 992 1809 parere
1003 1774 1013 1801 ‚
1025 1731 1139 1792 labores
1151 1732 1208 1792 do·

200 1818 334 1876 mastices
354 1816 569 1894 amplectendo.
582 1816 737 1888 Quomodo
758 1825 874 1887 autem,
886 1825 916 1875 et
931 1825 1075 1893 quantum
1094 1817 1209 1876 confes·

199 1900 293 1959 sarius
305 1898 408 1960 cnrerc
421 1900 526 1960 debent
545 1900 561 1959 'a
576 1901 774 1961 familiaritate
792 1918 910 1960 suarum
928 1901 1154 1979 poenitentium,
1170 1902 1209 1962 dc

200 1981 255 2042 boc
275 2001 372 2043 sermo
390 1984 442 2044 fiet
460 2004 492 2044 rt.
510 1986 636 2044 119.Βο
655 1985 816 2045 directione
828 1995 927 2046 autem
940 1985 1106 2046 animarum
1118 1986 1208 2065 spiri·

199 2067 325 2128 tunlium
341 2068 374 2128 in
390 2077 452 2129 toto
469 2069 523 2128 tx.
544 2067 679 2147 capitulo
698 2070 867 2149 loquemur.

217 2216 245 2300 S.
261 2220 313 2281 tv.
332 2217 481 2295 mamam
500 2217 601 2284 1101001
619 2238 649 2281 ae
665 2240 761 2367 perp-e
778 2220 974 2302 confessoriam
988 2241 1055 2284 eum
1073 2223 1184 2297 martis,
1212 2230 1215 2234 ’

625 2313 714 2366 etsar
736 2306 779 2367 is?

236 2484 303 2544 fbf.
321 2419 490 2550 Simulus
512 2490 587 2543 esset
609 2482 697 2543 etiam
716 2482 844 2553 surdus,
864 2491 898 2542 ut
917 2480 1065 2543 ordinarie
1084 2485 1204 2557 evenit,

197 2567 234 2629 ad
252 2567 316 2646 ejus
337 2569 548 2629 confessionem
569 2566 770 2645 excipiendam
790 2577 905 2645 oportet
921 2585 989 2627 eum
1010 2566 1157 2628 adducere
1173 2571 1207 2631 in

196 2653 323 2730 aliquem
341 2652 487 2729 occultum
511 2653 629 2723 locum,
655 2651 693 2712 ud
717 2652 893 2728 exigendum
916 2652 1064 2730 quoddam
1082 2648 1205 2730 signum

195 2756 318 2798 suorum
331 2746 517 2816 peccatorum
532 2746 562 2796 et
575 2734 703 2807 doloris,
719 2738 834 2796 meliori
848 2736 936 2795 nando
952 2754 1011 2814 quo
1024 2743 1131 2814 potest.
1143 2736 1205 2799 Sed

194 2819 366 2901 pruisquam
390 2838 459 2880 eum
482 2819 603 2890 audiat,
627 2827 711 2880 curet
733 2819 926 2880 confessarius
946 2820 1052 2879 instrui
1076 2819 1113 2879 nb
1136 2819 1203 2897 ejus

194 2905 390 2966 familiaribus
403 2904 441 2963 de
462 2903 556 2982 ipsius
572 2904 672 2973 vitiis,
695 2913 726 2964 ct
744 2903 781 2962 dc
801 2904 888 2966 modo
910 2904 1057 2974 tenendo,
1079 2912 1112 2964 ut
1129 2922 1203 2965 eunt

193 2987 354 3067 percipiat,
370 2995 401 3046 et
417 2985 454 3045 ab
475 3004 511 3047 co
531 2987 730 3065 percipiatur;
742 2996 772 3047 ct
792 2986 860 3053 edm
881 2986 999 3066 aliquod
1015 2986 1077 3065 jam
1099 3005 1203 3066 perce-

193 3073 270 3152 perit
287 3069 351 3148 cjus
370 3070 549 3149 particulare
571 3081 740 3148 peccatum,
765 3090 833 3131 curn
854 3072 939 3147 signo
963 3071 1093 3144 doloris,
1114 3072 1203 3133 illum

165 3181 168 3187 ·
193 3156 281 3216 debet
299 3154 459 3215 absolvere.
479 3153 536 3215 Sed
550 3166 609 3232 ego·
623 3173 741 3234 semper
757 3156 897 3216 cumsub
916 3155 1085 3226 conditione
1102 3154 1202 3216 absol·

193 3259 311 3313 rerem,
324 3240 380 3300 nisi
391 3239 550 3318 quamdam
564 3241 706 3302 moralem
723 3240 930 3302 certitudinem
944 3238 1084 3299 haberem
1097 3239 1135 3300 dc
1145 3257 1200 3300 sua

193 3325 393 3404 dispositione.
883 3351 886 3355 ²

231 3410 300 3469 tos.
320 3410 418 3469 blutus
440 3408 465 3470 si
489 3408 577 3471 sciret
597 3410 747 3483 scribere,
765 3408 849 3488 juxta
868 3418 999 3471 nostram
1018 3409 1200 3471 sententiam

192 3493 238 3570 tt.
252 3493 282 3552 11.
303 3509 336 3550 u.
358 3494 427 3553 179.
442 3511 472 3554 a.
492 3493 620 3571 Qum),
642 3496 706 3575 ipse
727 3505 843 3556 tenetur
862 3494 900 3555 ad
919 3493 1119 3557 confitendum
1143 3513 1200 3572 pcc

191 3574 388 3654 scripturam3
409 3577 461 3656 qui
480 3581 562 3643 cuim
577 3589 696 3642 tenetur
719 3580 756 3641 od
774 3580 883 3655 linem,
905 3578 1024 3640 tenetur
1047 3579 1138 3639 etiam
1160 3578 1198 3637 ad
