2642 4167
403 228 738 311 Deiubrropotiouibcco
748 229 904 310 faciendis.
1120 235 1159 297 tt

146 346 198 397 aut
211 334 359 398 matribus
379 349 445 411 quoe
466 333 547 394 domi
568 349 627 393 uon
647 342 769 412 possunt
782 334 950 411 relinquere
968 349 1091 415 pueros,
1106 347 1158 398 eut

146 420 332 498 conjunctis,
351 419 402 496 qui
425 433 484 479 non
499 423 622 495 possunt
633 418 805 494 relinquere
826 418 981 492 infirmos,
999 430 1050 481 eut
1068 423 1156 483 itine-

145 508 281 568 rantibus
295 504 349 584 qui
365 521 425 563 nou
443 501 598 581 possenti
621 503 761 564 comitatu
779 501 909 581 disjungi
924 504 989 565 sine
1009 508 1090 582 gravi
1109 510 1156 566 in·

145 589 322 661 commodo,
350 593 385 647 ut
411 596 486 647 esset
507 586 607 647 subire
634 588 798 665 perieulum
823 586 904 664 qubd
922 590 1154 669 -expolienturt

145 674 329 756 latronibus,
342 677 394 729 aut
410 687 464 747 pec
482 669 560 729 riam
573 679 695 745 errent,
715 672 740 730 si
759 672 975 748 subpeteret,
991 682 1049 733 etc.
1073 669 1106 752 (l.
1123 676 1153 736 l.

144 779 176 819 u.
193 759 274 835 596.)
287 778 296 833 3
309 766 361 815 ortt
374 755 479 815 occidit
496 755 583 814 alieni
604 757 654 832 qui
676 764 772 815 vestes
794 756 930 817 decentes
943 776 1004 820 neu
1026 758 1154 827 babent,

143 842 252 922 quibus
266 843 298 900 in
312 840 435 899 Ecclesia
453 838 590 900 decenter
608 847 776 917 compareat
792 836 825 917 (l.
840 858 865 900 o.
878 859 912 902 sc.
925 844 993 902 550.
1007 863 1037 904 υ.
1051 844 1155 923 Beni.)

184 927 235 987 55.
248 924 352 999 Quoad
364 940 451 1001 opere
472 932 570 985 nutem
594 924 712 984 servilia
730 942 798 1001 que
813 923 908 987 indie
928 928 1031 988 festivo
1053 927 1154 1009 prohi-

144 1012 256 1072 bcutur
265 1055 274 1085 ,
290 1010 453 1087 interroget
467 1008 492 1068 si
511 1006 657 1069 laboravit
678 1008 727 1068 die
745 1010 843 1069 sesto't
857 1019 887 1071 et
900 1011 925 1071 si
942 1012 991 1071 ille
1004 1011 1152 1089 affirmet,

142 1097 345 1173 interrogetur
367 1096 392 1154 1.
412 1102 558 1171 quantum
588 1093 730 1169 temporis
755 1093 925 1154 laboravit?
946 1105 977 1155 et
1002 1095 1152 1173 quodnam

139 1179 254 1239 laberis
262 1195 353 1257 mutis
360 1178 511 1237 exercuit?
523 1194 591 1237 nutu
601 1175 1005 1240 secuuddmeomuruniorem
1014 1181 1154 1259 Doctores

139 1261 221 1338 (tit.
232 1263 261 1321 t.
273 1282 305 1321 o.
321 1262 403 1340 eut.)
416 1270 555 1322 exerceant
569 1260 586 1321 ir
598 1261 682 1339 gravi
691 1260 876 1323 laborantem
889 1280 943 1340 per
955 1264 1027 1323 duas
1040 1264 1129 1324 boras
1142 1288 1152 1341 ς

75 1361 80 1368 ·
140 1345 205 1407 inrb
219 1346 268 1405 atii
294 1345 456 1405 admittunt
475 1344 548 1423 quid
571 1345 699 1423 emplius
710 1390 720 1419 ,
740 1345 844 1406 saltem
870 1348 895 1407 si
907 1347 991 1408 luber
1012 1358 1054 1407 est
1069 1348 1151 1409 dese

141 1429 238 1499 leuis,
259 1438 311 1490 aut
330 1431 411 1490 adest
427 1431 522 1507 ulique
537 1447 623 1489 eausa
637 1428 809 1490 notabilior.
830 1431 860 1492 Si
887 1442 986 1492 auteur
1009 1433 1153 1510 poeniteus

138 1516 302 1577 confitetur
320 1532 352 1575 se
377 1515 523 1575 laborasse
550 1514 709 1592 aliquunde
735 1512 826 1592 ptus,
854 1515 1012 1595 aliquando
1036 1516 1153 1587 urinis,

139 1602 344 1677 interrogetur
363 1600 479 1676 quoties
500 1599 646 1660 loboravit
663 1597 800 1675 judicans
820 1598 953 1661 laborare
973 1601 1004 1658 in
1031 1602 1154 1660 materia

137 1684 246 1761 grarir
266 1682 316 1743 sed
333 1700 406 1760 opus
430 1690 499 1760 est,
526 1690 560 1742 ut
581 1700 651 1743 eum
667 1683 771 1743 doceat
795 1683 931 1744 laborare
952 1699 1005 1758 per
1027 1682 1150 1761 longum

137 1778 258 1843 tempus
270 1766 500 1842 etiam‘ueeulte
520 1775 551 1826 et
564 1767 654 1827 enimi
669 1766 798 1836 solatio,
816 1784 849 1825 ue
867 1763 958 1845 gratis
969 1766 1079 1837 setium
1091 1786 1154 1828 esse

138 1862 306 1932 peceatum.
324 1855 353 1912 2.
368 1853 593 1930 interrogetur,
612 1870 704 1929 quare
717 1850 881 1923 laboravit,
902 1870 940 1911 nn
953 1870 1007 1931 per
1025 1853 1152 1931 regionis

138 1936 408 1997 consuetudinem?
423 1954 461 1997 au
480 1937 519 1997 ob
530 1937 759 1997 necessitatem?
774 1938 886 1996 Verum
897 1945 960 2008 est,
982 1936 1062 2015 qudd
1080 1956 1152 2016 puu-
1191 1940 1195 1947 ’
1229 1947 1234 1956 “

136 2029 240 2099 portas
257 2029 353 2098 potest
366 2039 525 2098 excusare3
544 2029 578 2081 ul
592 2020 769 2098 pleritmque
785 2030 962 2082 excusentur
981 2040 1125 2100 pauperes
1141 2067 1150 2093 ‚

136 2107 216 2185 qui,
238 2106 265 2164 si
290 2123 351 2165 unu
367 2104 523 2176 luberent,
546 2124 605 2167 non
624 2115 746 2183 possunt
759 2124 790 2165 se
809 2115 885 2178 ‚aut
903 2106 1045 2167 sentillam
1068 2126 1152 2168 suoru

136 2200 306 2251 sustentare
318 2187 351 2267 (l.
370 2208 396 2250 e.
415 2208 448 2251 a.
472 2192 567 2268 297.);
587 2199 622 2249 ut
640 2191 731 2250 etiarn
749 2201 926 2253 excusantur
943 2192 986 2250 illi
1004 2235 1012 2260 ,
1030 2194 1080 2269 qui
1102 2193 1151 2251 die

135 2274 495 2345 iestousatesresereiuut‚
505 2274 640 2336 eburneo
650 2274 1148 2354 possintdiebusierialibusllbid.).

135 2358 195 2418 Sed
209 2366 325 2434 oportet
343 2358 431 2418 rudes
443 2359 480 2418 ab
492 2376 594 2420 errore
612 2359 785 2434 dimovere,
798 2362 849 2439 qui
863 2361 935 2422 ialsb
948 2369 1054 2439 putent
1066 2378 1151 2438 posse

135 2443 276 2503 laborare
293 2441 343 2500 die
363 2442 458 2513 sesto,
479 2442 548 2504 eirur
569 2443 722 2505 laberetur
746 2464 802 2524 pro
821 2446 1020 2515 uomitusue,
1040 2453 1071 2504 et
1086 2445 1150 2504 siue

135 2525 285 2587 mercede.
303 2526 387 2587 Multi
408 2528 471 2586 DD.
497 2537 636 2589 excusatu
656 2544 707 2589 eos
732 2531 785 2607 qui
808 2530 962 2600 laborant,
979 2537 1013 2587 ut
1036 2529 1150 2605 fugiant

135 2613 235 2671 otium
248 2655 258 2685 ‚
272 2611 312 2672 ob
333 2610 412 2688 qued
437 2611 469 2670 in
489 2613 636 2690 probabili
652 2607 792 2690 peccandi
819 2613 951 2691 periculo
967 2620 1083 2685 essont3
1099 2612 1149 2670 sed

135 2693 203 2754 baee
212 2695 315 2772 opinio
327 2713 389 2755 non
404 2695 528 2756 admissa
550 2706 594 2757 est
609 2740 619 2768 ‚
632 2697 689 2755 uisi
716 2696 749 2755 in
763 2714 831 2755 casu
848 2695 999 2755 rarissime
1014 2738 1022 2764 ‚
1040 2696 1071 2753 in
1090 2713 1148 2771 quo

134 2788 211 2841 tune
220 2787 398 2840 vexarentur
410 2784 573 2842 tentatione
584 2782 625 2840 itu
636 2780 772 2851 molesti,
786 2788 820 2838 ut
829 2779 960 2857 superari
973 2795 1032 2838 non
1046 2781 1148 2857 possit,

135 2864 195 2923 nisi
209 2862 382 2926 laborando.
394 2865 536 2925 Nonnulli
557 2864 656 2938 servi,
677 2872 729 2924 eut
746 2864 868 2935 famuli,
887 2862 1044 2941 aliquando
1058 2865 1147 2923 eoacti

133 2946 235 3008 eunti
250 2945 378 3008 dominis
392 2948 428 3008 ad
445 2953 617 3027 frequenter
636 2948 832 3010 laborandum
852 2948 883 3008 in
899 2949 991 3015 sesto,
1013 2955 1042 3007 ct
1059 2949 1148 3006 ctiam

134 3030 175 3089 nd
187 3030 310 3094 Sacrum
324 3033 541 3106 omittendum:
554 3032 586 3100 bt
609 3043 750 3100 leuentur
762 3033 912 3094 discedere
924 3032 959 3091 ab
978 3029 1146 3108 lurjusmodi

133 3114 289 3188 dominis,
308 3116 472 3179 dummodb
492 3137 552 3185 non
571 3136 602 3179 se
616 3119 775 3197 obligarint
795 3116 991 3197 chirographo
1011 3116 1146 3191 seruire3

135 3208 189 3257 eut
199 3198 362 3263 dummodb
380 3200 462 3280 justo
474 3204 581 3268 timere
596 3221 655 3264 nen
668 3203 874 3274 incutiuntur,
897 3219 935 3260 ue
953 3201 1147 3277 repugnando

133 3299 224 3358 greve
244 3284 466 3350 incommodum
482 3286 610 3347 subituri
624 3287 694 3347 siut.
710 3288 746 3345 Et
760 3286 870 3364 pariter
881 3283 936 3345 hie
956 3283 1016 3343 solt
1032 3285 1147 3344 ratione

134 3374 261 3442 possunt
281 3371 412 3429 excusari
433 3369 488 3430 fuit
504 3379 534 3429 et
557 3372 697 3432 mulieres
719 3368 756 3428 ad
781 3367 977 3428 laborandum
1001 3366 1032 3427 in
1064 3369 1145 3428 sestis

23 3503 24 3506 ,
133 3450 229 3516 coacti
249 3449 266 3520 ir
285 3454 474 3536 parentibus,
499 3464 550 3516 aut
572 3457 642 3516 viris
663 3453 739 3534 (tit.
762 3455 793 3514 l.
815 3471 848 3511 u.
864 3450 955 3529 dib).
981 3452 1145 3533 luterroget

23 3603 24 3614 χ
135 3529 243 3605 etiam,
257 3535 282 3593 si
304 3537 336 3596 in
356 3537 481 3617 uigiliis,
497 3538 734 3619 quadragesimi,
757 3537 831 3602 ierit
855 3538 934 3599 seue
948 3581 956 3612 ‚
972 3546 1003 3597 st
1025 3538 1145 3599 subbato

23 3627 25 3706 ξ
137 3615 323 3682 comederint
337 3619 417 3682 cibos
435 3622 566 3684 vetitos?
