2642 4167
411 144 672 208 Deludituotiaet
687 147 831 210 recidivis.
1085 152 1119 210 61

119 247 274 314 adhibendi
289 245 384 308 media
406 247 530 307 efficacia
544 248 580 307 ad
600 248 836 308 emendationem
849 269 858 324 3
873 244 978 308 aerdm
996 247 1020 307 si
1038 247 1123 309 laabi-

119 346 163 397 tus
183 343 258 395 osset
271 332 355 392 valde
369 332 535 403 redicam,
551 340 646 408 potest
658 334 748 391 etiam
760 333 988 394 confessariusei
1002 332 1123 393 differre

117 419 331 481 absolutionem
343 416 396 484 ,ad
404 416 614 492 experiendum
626 416 776 493 quomodo
789 417 826 475 sit
836 417 1123 494 constanspoenitens

117 505 154 565 in
166 504 284 582 praxim
308 500 481 559 deducendo
500 500 595 558 media
614 502 805 577 praeempta,
824 510 917 577 utque
942 498 1053 576 ipsede
1067 517 1121 559 suo

116 589 188 648 vitio
200 586 343 662 majorem
360 584 504 661 concipiat
515 582 682 643 horrorem.
697 584 874 644 Advertatur
885 582 932 644 hio
946 582 1026 661 quod
1039 583 1122 659 quin·

116 691 174 750 que
187 671 266 730 vices
280 671 311 728 in
331 686 431 728 mense
444 667 506 743 jam
526 678 647 745 possunt
668 670 780 727 melum
798 667 934 728 habitum
945 668 1124 726 constituere

116 756 146 815 in
169 756 271 833 aliquo
295 753 369 812 vitio
391 752 500 829 peccati
532 752 670 820 externi,
692 751 781 811 modio
806 753 883 811 inter
902 753 978 828 ipsas
1002 749 1123 827 aliquod

116 840 305 900 intervallum
321 836 493 896 intercedat.
508 837 544 894 Et
563 835 594 893 in
618 836 738 894 materia
763 836 1013 905 fornicationum,
1036 833 1124 893 sodo·
1169 829 1174 842 ’

115 925 257 991 mianum,
270 932 298 981 et
310 921 519 980 bestialitatum
531 918 625 979 multi)
640 920 886 979 minornnmerns
896 918 1030 979 habitum
1042 916 1124 996 queit

115 1009 313 1067 constituere:
328 1004 381 1081 qui
394 1023 441 1063 ex.
456 1022 502 1082 gr.
517 1004 607 1062 semel
623 1003 653 1062 in
669 1022 769 1063 ratense
783 1005 978 1065 fornicaretur
997 1021 1051 1081 per
1069 1021 1122 1062 an·

115 1110 189 1151 num
199 1136 208 1162 ‚
220 1090 296 1150 bend
307 1088 356 1148 hic
369 1088 538 1147 habituatus
552 1087 610 1145 dici
626 1098 732 1164 potest.

152 1177 203 1235 tt.
220 1171 353 1235 Recidioi
363 1181 460 1231 autem
477 1180 545 1229 scint
560 1172 611 1247 qui
631 1180 697 1248 post
712 1173 922 1236 confessionem
937 1174 1041 1234 eadem
1052 1217 1060 1243 ‚
1073 1173 1127 1232 acl⁴

114 1259 197 1337 quasi
210 1258 314 1317 cadem
330 1256 417 1315 modo
432 1264 498 1313 sunt
519 1256 625 1331 relapsi
641 1255 751 1331 absque
765 1259 981 1322 emendatione.
999 1259 1049 1317 lsti
1066 1265 1123 1328 ‚ut

114 1342 312 1412 communiter
329 1338 555 1417 docetur‘llln'd.
572 1359 601 1398 v.
617 1338 808 1417 licentiore),
822 1350 973 1419 nequeunt
987 1342 1120 1414 absolvi,

114 1428 138 1487 si
156 1427 218 1485 sola
238 1427 319 1502 signa
333 1425 480 1497 ordinaria
497 1423 643 1495 aflerant,
665 1443 772 1501 nempe
788 1426 811 1484 si
826 1426 942 1486 tantiam
957 1427 1120 1486 confitean-

113 1520 185 1582 tur,
200 1509 356 1569 asserendo
371 1528 402 1567 se
418 1509 580 1587 poenitere,
600 1518 628 1567 et
644 1528 830 1587 proponere,
846 1521 936 1589 prout
949 1510 1074 1571 habetur
1086 1531 1122 1571 cx

113 1596 238 1673 Propos.
251 1596 302 1654 60.
318 1594 454 1652 damnata
472 1593 508 1651 ab
522 1593 694 1654 Innocentio
705 1595 766 1653 XI.
780 1597 855 1653 Nam
869 1594 987 1653 habitus
1006 1604 1123 1653 contra·

113 1688 177 1739 ctus
191 1723 201 1749 ‚
217 1688 249 1738 et
271 1677 404 1754 relapsus
425 1678 564 1753 praeteriti
584 1677 646 1735 sine
674 1678 734 1735 ulla
758 1677 966 1737 emendatione
987 1695 1122 1754 magnam

112 1771 255 1843 praestant
264 1763 458 1840 suspicionem
473 1802 482 1829 ,
496 1759 575 1838 qnod
587 1762 673 1820 dolor
691 1768 721 1820 et
735 1761 919 1838 propositum
933 1805 941 1832 ‚
957 1780 1023 1839 quae
1032 1763 1123 1839 pacni·

110 1859 178 1909 tens
198 1847 302 1905 asserit
319 1844 495 1915 stambere,
513 1863 699 1921 nequaquam
717 1846 776 1904 sint
788 1863 868 1904 vera.
887 1845 969 1908 Unde·
983 1847 1045 1907 istis
1064 1847 1122 1908 dit·

109 1930 234 1993 ferenda
253 1937 296 1992 cst
312 1929 455 1988 absolutio
476 1947 528 2005 per
545 1929 665 2005 aliquod
684 1938 801 2005 tempus
812 1974 822 2004 ,
845 1930 1009 2007 usquedum
1032 1949 1122 2009 appa-

109 2026 175 2077 reat
191 2013 323 2092 prudens
337 2014 455 2090 signum
468 2012 692 2071 emendationis.
708 2015 744 2071 Et
758 2014 788 2072 in
807 2014 862 2073 hoc
873 2025 983 2092 puncto
995 2015 1121 2094 lugenda

110 2110 153 2161 cst
176 2098 344 2156 animarum
358 2097 461 2167 ruina,
488 2096 571 2173 cujus
592 2115 675 2155 causa
695 2106 765 2156 sont
780 2107 823 2157 tot
840 2100 908 2158 mali
930 2100 1119 2172 confessarii,

109 2178 288 2245 indistinctio
301 2180 480 2239 absolvendo
495 2189 539 2240 tot
551 2182 716 2255 recidivas,
731 2183 782 2258 qui
798 2181 865 2242 edm
881 2183 1045 2260 repererint
1055 2202 1122 2243 can·

109 2265 270 2341 fossorios,
297 2266 348 2341 qui
376 2283 492 2341 semper
518 2274 578 2324 tam
604 2266 687 2325 facile
708 2283 757 2324 eos
783 2266 959 2335 absolvunt,
980 2268 1121 2327 amittunt

107 2353 269 2412 horrorem
284 2349 316 2407 in
329 2348 496 2426 peccando,
514 2358 543 2408 et
559 2360 686 2427 pergunt
699 2350 734 2408 ad
750 2351 976 2426 putreseendum
989 2351 1020 2413 in
1037 2369 1133 2412 coreno.

106 2437 257 2496 vitiorum
275 2433 416 2509 usquead
438 2443 576 2492 mortem.
593 2434 718 2508 Quidam
732 2436 796 2492 DD.
817 2433 893 2512 (tit.
908 2438 938 2495 6.
953 2453 986 2494 ra.
1007 2436 1076 2493 tot).
1089 2454 1120 2494 o.

107 2517 250 2593 Dicunt.)
263 2516 442 2587 admittunt,
455 2518 617 2578 recidivum
635 2520 708 2578 solis
727 2520 817 2595 signis
838 2520 995 2578 ordinariis
1008 2517 1120 2578 absolvi

106 2620 199 2683 posse
216 2600 358 2677 usquead
378 2602 494 2660 tertiam
509 2609 539 2659 et
556 2612 693 2678 quartam
708 2604 821 2674 ricem3
839 2601 890 2659 sed
904 2600 1120 2676 lruieopinioni

104 2703 274 2763 nunqnam
284 2684 366 2761 potui
384 2686 566 2761 acquiescere
579 2729 586 2754 ‚
598 2683 671 2744 ditm
687 2682 875 2752 habitamus,
888 2684 939 2758 qui
957 2690 1022 2759 post
1032 2700 1122 2744 unam

103 2768 326 2831 confessionem
344 2768 449 2826 recidit
466 2769 529 2828 sinc
545 2766 752 2828 emendatione
764 2810 772 2835 ‚
780 2764 842 2842 jam
861 2773 905 2824 est
918 2783 1004 2825 verus
1016 2768 1122 2828 recidi·

103 2873 187 2922 vus,
210 2858 241 2910 et
260 2850 411 2910 fundatam
441 2853 553 2929 praebet
581 2851 779 2928 suspicionem
800 2869 861 2909 suae
881 2849 1122 2929 indispositionis.

102 2941 142 2999 Et
159 2944 285 2996 notetur
307 2931 355 2993 hle
376 2934 456 3014 quod
482 2935 544 2996 laaec
562 2936 664 3013 regula
692 2934 847 3014 procedit,
874 2935 964 2995 etiam
987 2944 1122 3011 respectu

102 3023 270 3099 culparum
285 3020 467 3096 venialium3
486 3021 620 3097 quamvis
637 3020 719 3079 enim
739 3021 936 3080 communiter
954 3018 1123 3080 admittitur

100 3100 229 3165 facilids
243 3102 352 3163 absolvi
368 3121 453 3180 posse
476 3122 524 3162 eos
548 3104 598 3180 qui
614 3104 811 3181 prolabuntur
833 3105 864 3163 in
887 3112 1002 3181 peccata
1020 3103 1123 3176 levia,

101 3187 141 3248 ed
155 3184 242 3265 quiid
256 3188 420 3251 occasiones
437 3205 541 3247 eorum
552 3187 767 3264 frequentiores
783 3188 861 3263 sint3
883 3198 1034 3258 attamen,
1053 3185 1132 3258 clem-

101 3272 145 3332 sit
165 3271 337 3329 communis
349 3273 494 3331 sententia
505 3268 538 3351 (l.
557 3274 585 3331 6.
601 3290 633 3330 n.
646 3273 715 3330 tto.
728 3269 806 3330 Dat.
823 3270 864 3347 l.)
878 3291 966 3348 grave
983 3290 1044 3332 esse
1061 3291 1123 3349 pec·

101 3363 232 3422 catum,
248 3363 278 3412 et
302 3354 487 3432 sacrilegium
508 3355 723 3415 absolutionem
746 3355 878 3431 recipere
902 3373 990 3431 super
1007 3356 1122 3416 levibus

103 3437 254 3499 confessis
272 3438 336 3495 sine
356 3454 427 3497 vero
450 3439 552 3499 dolore
570 3449 601 3500 et
613 3439 782 3517 proposito,
802 3455 856 3497 nec
874 3437 1006 3497 sufficere
1021 3440 1122 3500 dolere

101 3522 146 3582 dc
169 3519 366 3581 multitudine
388 3538 440 3581 scu
455 3522 492 3582 de
507 3540 633 3585 numero
652 3523 798 3596 excessivo
820 3520 925 3582 talium
942 3523 1121 3601 culparum,
1172 3515 1181 3522 ’

154 3605 315 3674 TouelX.
948 3608 967 3666 6
