2642 4167
305 167 412 227 Er
430 183 502 246 oper
501 163 565 228 ibus
579 162 732 227 Benedicti
743 166 778 227 X
778 167 794 226 l
799 167 833 229 V
1067 170 1124 229 585

119 269 182 350 quis
196 268 340 332 excitetur
358 267 394 327 ad
411 267 641 340 contritionem,
665 268 712 343 rel
733 266 770 325 nd
793 266 1036 345 absolutionem
1029 289 1058 328 ιιι
1077 289 1123 330 sa·

119 360 269 412 eramento
291 351 482 430 poeuitentiee
498 351 610 411 utiliter
632 312 876 427 consequendam.
897 351 999 423 Quoad
1020 354 1123 413 remis·

118 438 231 497 sionem
244 444 343 496 tamen
363 453 504 513 prenae„
496 433 638 494 aboliti
626 452 689 510 Jam
714 434 822 511 culpi,
848 435 1016 496 immediate
1037 436 1119 495 illam

76 539 79 543 ’
117 520 261 595 remittit;
282 519 428 588 remittit,
451 519 587 596 inquam,
603 519 646 578 illi
663 537 718 595 pro
738 536 797 614 quo
813 517 956 589 offertur,
970 519 1003 579 et
1025 529 1123 580 tamen

118 606 267 672 mensuri
277 622 342 683 qum
355 592 582 680 Deoplueuerit'.
594 605 636 680 De
650 602 744 661 sacrif
758 620 836 660 miss
846 602 867 660 l
880 604 948 661 inc
964 604 1011 662 15.
1026 621 1058 662 ιι.
1073 606 1121 663 tt.

119 688 167 746 list
176 684 419 830 deppqducuupgtc
420 693 485 745 otor
485 704 548 749 ιιιιιι
556 685 776 763 spiritualium
765 693 794 744 et
804 687 1014 804 temporalium
1027 685 1122 747 bono·

63 810 64 815 η
118 787 184 833 rum
250 791 258 829 ι
306 789 327 829 n
947 798 949 805 >

155 871 202 930 An
222 869 355 947 ejusdem
373 869 412 928 sit
435 868 569 929 etlicecioe
592 868 687 927 sivein
717 869 819 940 bono,
847 870 910 931 sive
935 870 952 930 ir
978 871 1056 931 malo
1078 890 1124 930 sa·

71 958 75 965 '
118 955 237 1015 cerdote
256 957 343 1015 misse
363 953 552 1015 celebretur?
573 952 821 1030 Respondendum
848 962 891 1013 est
908 956 1036 1015 fructum
1056 966 1126 1033 pro-

118 1041 285 1099 venientem
319 1058 355 1100 ex
385 1055 475 1115 opere
495 1046 615 1115 operato
642 1056 804 1115 numquam
826 1039 920 1099 minui
937 1085 945 1110 ,
964 1049 993 1100 et
1020 1042 1044 1100 si
1071 1056 1125 1118 rp-

119 1124 245 1201 plicctur
267 1141 384 1201 semper
405 1123 542 1200 operari,
562 1121 724 1184 dummodo
747 1122 991 1200 impedimentum
1008 1124 1125 1185 nullum

119 1206 224 1268 obstet.
238 1208 314 1268 lbid.
327 1226 359 1266 ιι.
373 1208 421 1267 20.

132 1306 239 1366 Alius
255 1316 297 1365 est
308 1306 441 1375 fructus,
458 1304 508 1383 qui
529 1304 625 1364 oritur
639 1321 676 1363 ex
695 1302 832 1363 universe
844 1305 1121 1367 Ecclesiioiiereute

118 1391 301 1453 sacerdotum
331 1407 452 1451 suorum
482 1389 655 1449 ministerio.
688 1389 811 1447 Ecclesia
831 1389 902 1451 vero
933 1400 978 1451 est
1005 1409 1123 1470 semper

119 1484 240 1545 saneta,
263 1472 404 1552 pulchra,
417 1491 480 1531 stne
500 1473 560 1532 utto
580 1471 669 1549 rugi,
696 1481 747 1532 aut
767 1464 890 1532 macult.

157 1558 275 1618 Tertius
294 1558 413 1616 taudem
437 1565 481 1615 est
508 1557 620 1615 fructus
643 1573 679 1613 ex
704 1556 768 1632 ipso
793 1557 957 1617 celebrante
980 1557 1121 1630 ueniens,

118 1642 286 1718 diciturque
308 1642 420 1719 pariter
447 1657 483 1699 ecc
505 1657 590 1720 opere
607 1637 781 1716 operantis,
810 1648 898 1715 utque
924 1643 979 1699 iste
1001 1659 1037 1699 cx
1060 1659 1132 1723 mag„

113 1727 175 1805 jori
206 1726 253 1785 vel
280 1726 389 1786 minori
419 1724 575 1786 sacerdotis
607 1723 800 1783 sanctimonii
832 1725 1002 1797 minuitur,
1034 1730 1137 1803 augei⁴

115 1821 214 1872 turvc.
230 1810 305 1869 lbid.

156 1911 251 1971 uisse
270 1912 382 1970 tructus
408 1909 515 1988 triplex
537 1900 605 1980 est,
630 1905 898 1978 Generalissimes,
923 1907 1006 1986 eujus
1023 1910 1124 1971 fideles

114 2012 221 2056 omnes
234 2003 302 2054 sunt
314 1995 470 2072 participes
482 2015 491 2069 3
504 1989 756 2073 specialissimus,
781 2012 841 2071 quo
853 1994 986 2053 sacerdos
996 1995 1123 2071 truitor3

114 2076 259 2148 Medius,
280 2096 367 2154 quem
388 2078 519 2139 secerdos
533 2079 657 2157 applicat
679 2096 732 2156 pro
747 2077 806 2148 iis,
832 2096 888 2157 pro
907 2079 1014 2157 quibus
1029 2081 1124 2142 Sacri·

114 2162 221 2225 ficium
235 2162 330 2223 offert.
344 2165 386 2222 De
405 2182 479 2223 saer.
505 2164 586 2223 miss.
599 2163 621 2223 l.
647 2163 678 2222 5.
700 2180 725 2221 e.
752 2163 782 2222 8.
796 2180 827 2223 n.
846 2164 872 2222 l.

133 2322 138 2329 .
156 2269 277 2330 Materia
292 2269 429 2329 sacrificii
454 2270 548 2330 missoe
568 2279 611 2330 est
638 2272 722 2348 ponis
743 2271 896 2340 triticeus,
917 2279 947 2330 et
964 2271 1067 2331 vinum
1086 2287 1131 2331 ex.

115 2353 194 2414 uvis.
217 2353 246 2412 Si
260 2352 330 2413 vero
347 2372 449 2432 magne
463 2362 537 2414 esset
546 2356 703 2433 permixtio
720 2354 821 2414 tarinae
839 2372 874 2413 cx
889 2355 955 2413 eliis
970 2353 1120 2432 frugibus,

73 2451 79 2457 ‘
114 2447 150 2498 et
172 2438 330 2514 permixtio
354 2457 437 2515 aquee
455 2440 558 2501 viuum
582 2448 760 2516 superaret,
787 2438 850 2498 haec
872 2440 993 2498 materie
1022 2440 1122 2514 inepta

113 2531 193 2597 esset
211 2516 430 2583 consecrationi.
448 2527 491 2583 De
514 2524 611 2583 saeris.
626 2525 704 2583 miss.
722 2524 742 2582 l.
768 2524 797 2582 5.
819 2541 845 2581 e.
863 2525 912 2582 to.
932 2542 965 2581 ιι.
991 2525 1040 2583 te.
1062 2526 1123 2585 Nee

115 2614 188 2685 post
212 2608 459 2667 consecrationem
476 2626 571 2668 novus
590 2608 689 2686 liquor
710 2651 718 2676 ,
743 2616 774 2666 et
797 2605 960 2684 presertim
989 2625 1064 2682 equo
1090 2608 1121 2667 in

112 2690 238 2752 calicem
259 2692 455 2753 infundendus
467 2701 523 2753 est.
543 2693 618 2753 lbid.
635 2712 667 2753 n.
686 2695 734 2752 lli.
749 2692 865 2768 Alioqui
880 2699 977 2750 censet
991 2694 1022 2752 S.
1046 2691 1122 2755 ΤΙιο·

112 2790 211 2848 mos,
236 2777 456 2852 corruptionem
482 2778 654 2837 sacrementi
678 2779 759 2854 sequi
785 2776 913 2854 potuisse
943 2793 997 2854 pro
1024 2776 1121 2854 aliqui
1207 2835 1214 2857 ,

112 2864 227 2937 perte,
246 2859 302 2917 nisi
324 2859 400 2920 torte
422 2863 567 2938 quantitas
590 2862 659 2921 novi
679 2862 804 2938 liquoris
825 2860 939 2920 tantilla
965 2869 1059 2929 esset,
1083 2868 1119 2919 ut

112 2959 181 3002 non
197 2951 293 3021 posset
307 2943 339 3002 in
360 2962 461 3004 omncs
488 2955 584 3022 partes
602 2945 740 3005 diffundi.
765 2947 832 3005 llere
854 2953 952 3005 tomen
978 2944 1121 3005 sententia

113 3043 181 3085 non
200 3026 284 3103 oeque
306 3027 324 3086 t
347 3026 523 3088 scholasticis
545 3029 682 3089 omnibus
700 3030 850 3108 probatur.

158 3126 204 3186 Ad
220 3128 373 3186 essentium
387 3128 519 3205 sacrificii
533 3131 746 3195 necessariaest
759 3131 912 3206 utriusque
935 3129 1040 3207 speciei
1052 3148 1122 3193 eoo-

110 3209 266 3281 seeratio,
297 3211 377 3288 quod
400 3213 488 3271 etiam
510 3212 542 3271 in
563 3213 658 3289 primi
682 3213 733 3272 sui
759 3212 976 3274 institutioneb
1004 3213 1119 3275 Christo

110 3292 250 3353 Domino
263 3293 411 3354 servatum
429 3305 496 3371 est3
515 3313 550 3356 ex
563 3315 622 3373 quo
644 3295 696 3366 lit,
716 3304 749 3354 ut
770 3297 880 3356 nemini
901 3297 1030 3373 permitti
1052 3316 1119 3367 um-

112 3376 212 3454 quim
236 3378 326 3455 possit
348 3380 527 3456 consecratio
549 3380 604 3438 suh
625 3378 711 3439 unici
728 3377 841 3438 tautirm
867 3381 989 3456 speeie,
1017 3398 1122 3455 quem·

109 3479 210 3538 quam
229 3462 253 3519 si
266 3461 321 3521 boe
339 3462 451 3524 lieretir
467 3463 615 3524 secerdote
624 3507 633 3536 ,
648 3464 825 3523 consecratio
841 3463 961 3540 quidem
988 3464 1097 3524 valeret
1106 3507 1116 3538 ,

108 3542 169 3604 sed
162 3542 236 3686 Tille
257 3547 339 3687 {popul
359 3564 389 3608 se
405 3547 530 3609 crimine
547 3547 762 3625 obstringeret,
777 3553 807 3607 et
820 3554 1033 3688 sacrameptum
1051 3546 1116 3623 qui·

188 3644 246 3686 οιιι.
278 3670 321 3686 ..
424 3663 427 3668 -
930 3631 948 3688 5
1043 3664 1048 3674 ,
