2642 4167
158 189 219 254 att
398 181 923 267 tremuerananaarameapa.

159 288 232 352 verd
252 285 348 365 major
366 285 459 357 desit,
476 296 510 348 ut
528 286 631 349 dicunt
646 283 788 368 Roncaql.
805 283 914 362 Quarti
919 328 927 357 ,
951 281 1056 359 attat,
1072 285 1170 349 (lebat

159 381 190 435 et
208 371 310 433 Tamb.
330 371 524 451 probabiliter
544 379 641 450 potest
657 371 812 441 sacerdos,
831 371 919 431 etiam
936 370 1169 434 consideratio·

161 456 230 526 ais,
256 473 426 517 consecrare
450 456 620 535 minorem3
645 455 735 517 modd
761 453 941 533 (advertunt)
964 453 1039 514 absit
1063 453 1168 534 populi

160 539 349 616 scandalum3
371 540 423 601 scd
446 540 581 610 addunt,
608 539 690 616 qubd
716 538 772 599 hoc
794 538 963 599 scandalum
987 537 1070 598 iacild
1090 557 1169 617 praa·
1238 588 1249 599 .

161 624 257 767 careri
273 632 387 703 potest,
407 623 554 686 manendo
567 623 712 702 populum
731 622 770 683 dc
789 623 903 684 deiectu
924 620 1027 683 hostiae
1046 621 1168 700 maJoris

162 707 236 786 (.c.
251 727 284 769 n.
297 711 365 771 205.
383 749 391 768 .

200 792 250 853 98.
270 823 310 840 -
326 708 438 854 vibam
456 801 559 858 autem
578 791 669 852 debet
686 808 747 853 esse
763 810 799 852 ex
820 791 885 852 uvis
905 808 1099 871 expressum
1119 793 1169 854 cui

162 892 199 936 ex
216 878 298 954 gravi
315 886 461 955 precepto
477 876 611 937 Ecclesiae
628 875 741 935 modica
760 894 834 953 aqua
853 885 898 936 est
917 877 950 936 in
971 877 1060 936 calice
1078 876 1170 937 admi·

162 964 265 1027 scendo
277 962 324 1041 (ad
337 960 557 1039 significandam
571 961 712 1021 unionem
723 960 856 1020 fidelium
868 977 935 1019 cum
946 957 1073 1039 Christo)
1085 979 1169 1039 ‚quoe

162 1051 264 1110 saltem
275 1064 336 1106 non
345 1045 465 1106 excedat
476 1046 593 1105 tertiam
605 1045 668 1104 vini
682 1054 814 1122 partem
825 1044 957 1121 quamvis
966 1040 1041 1104 hanc
1052 1045 1169 1123 opinio·

162 1149 232 1193 nem
244 1130 335 1206 aliqui
345 1130 409 1187 Du.
419 1146 480 1188 non
493 1128 668 1197 admittant,
680 1129 735 1187 nisi
746 1128 849 1188 acinum
861 1128 899 1188 sit
908 1145 1091 1205 generosum.
1101 1130 1170 1190 Suf-

162 1217 224 1277 ficit
236 1212 308 1275 verb
323 1212 482 1273 admiscere
495 1230 585 1272 unam
598 1230 682 1290 aquae
693 1221 808 1290 guttam
823 1209 857 1290 (l.
872 1231 896 1272 c.
907 1230 939 1271 n.
952 1212 1020 1272 208.
1035 1220 1063 1271 ct
1075 1212 1168 1291 dib).

163 1302 231 1361 Non
252 1307 297 1361 est
319 1295 441 1357 materia
464 1305 531 1373 apta
548 1296 652 1355 vinum
679 1313 715 1355 cx
731 1305 865 1374 agresta,
887 1314 941 1356 nce
963 1302 1097 1367 acetum,
1113 1315 1168 1357 nec

163 1400 257 1461 vappa
279 1381 321 1462 (id
339 1389 384 1440 est
399 1380 503 1440 vinam
523 1378 607 1455 cujus
628 1377 673 1438 vis
689 1379 873 1458 evanuerit),
897 1397 951 1440 nac
971 1380 1056 1451 lora,
1078 1378 1168 1458 rulgb

164 1473 303 1547 aequata.
311 1465 422 1525 Vinum
436 1472 617 1523 autemeam
630 1462 688 1521 alio
701 1462 816 1539 liquore
826 1465 879 1523 etsi
895 1462 1009 1523 modico
1021 1464 1167 1535 mixtum,

164 1551 212 1610 rel
235 1559 365 1610 mustum
387 1548 424 1607 dc
444 1548 510 1607 uvis
534 1556 605 1607 tunc
628 1563 815 1623 expressum,
840 1546 1027 1624 estquidam
1044 1548 1169 1606 materia
1196 1583 1199 1588 -

164 1642 233 1712 apta
253 1633 290 1694 ed
305 1635 543 1701 Sacramentum,
562 1633 614 1689 sed
627 1630 755 1707 graviter
768 1630 887 1700 illicita,
904 1641 938 1691 ut
953 1631 1060 1690 dicitur
1072 1631 1102 1689 in
1113 1631 1170 1689 Ru·

165 1718 268 1793 brica3
287 1716 338 1776 ubi
353 1716 431 1775 idem
445 1715 567 1775 docetur
580 1714 617 1774 dc
629 1714 701 1773 vino
710 1757 719 1786 ,
734 1711 813 1790 qubd
831 1713 947 1795 coeperit
962 1730 1085 1775 acescere
1094 1758 1104 1788 ,
1123 1710 1172 1774 cel

164 1802 315 1882 eorrumpi
325 1844 334 1870 ‚
354 1797 398 1859 vel
419 1796 513 1876 [uerit
534 1794 755 1877 aliquantulam
776 1815 851 1857 accc.
876 1799 985 1858 Dicunt
1005 1807 1103 1857 tamen
1122 1798 1170 1857 La

167 1884 255 1945 Crot‘a
267 1928 275 1954 ‚
291 1883 421 1945 Gobatuc
428 1927 438 1957 ,
450 1890 477 1941 ct
487 1884 593 1961 Sporcr
602 1878 634 1960 (l.
645 1899 670 1940 c.
685 1899 716 1939 n.
727 1882 783 1940 706
794 1889 822 1939 ct
834 1881 914 1959 907.)
926 1881 1004 1958 qubd
1015 1881 1171 1943 deficiente

164 1963 1067 2043 aiiovino‚licctutivinotantumpardmaccsccntezaitenim
1077 1965 1170 2026 Card.

58 2097 61 2103 -
163 2049 369 2114 lambertinus
384 2047 492 2129 (Notis.
510 2050 559 2108 77.
574 2067 606 2107 n.
621 2048 664 2126 2.)
678 2047 758 2125 qubd
773 2050 890 2126 praelata
907 2050 1031 2109 Robrica
1046 2049 1171 2109 deducta

165 2146 210 2197 est
227 2152 263 2196 ex
278 2134 411 2193 doctrina
430 2134 462 2193 S.
481 2131 600 2193 Tbomoe
619 2133 648 2191 5.
663 2140 743 2211 part.
761 2150 813 2213 qa.
827 2135 876 2193 tl.
895 2142 955 2193 art.
970 2136 998 2193 5.
1013 2132 1053 2194 ad
1070 2136 1099 2193 2.
1116 2135 1170 2211 qui

165 2220 250 2280 docet
262 2235 320 2278 non
332 2234 416 2295 posse
429 2216 548 2295 quidem
560 2217 782 2277 Sacramentum
802 2217 905 2277 confici
922 2218 959 2278 dc
977 2227 1075 2288 aceto,
1086 2235 1171 2298 posse

67 2316 69 2320 '
167 2312 265 2364 tamea
278 2301 383 2382 confici
401 2300 436 2363 tle
452 2302 520 2361 vino
539 2300 698 2377 occaecati,
723 2301 803 2381 qaod
824 2303 989 2364 catinulo
1011 2302 1051 2364 ad
1068 2323 1172 2364 corta·

165 2389 359 2470 ptioncm....‚
373 2384 438 2447 licet
451 2393 547 2468 peccet
567 2384 732 2470 coraliticus.
747 2389 830 2448 Unde
844 2380 970 2449 Robrica
983 2408 1042 2449 non
1054 2390 1173 2450 videtur

165 2473 333 2552 accipienda
353 2491 420 2532 cum
438 2481 519 2531 tanto
539 2471 658 2550 rigore,
673 2481 707 2531 ut
726 2471 953 2549 comprehendat
966 2491 1066 2533 omncs
1079 2473 1173 2533 etiam

166 2560 278 2635 primos
290 2556 397 2635 gradus
408 2556 597 2625 acrimoniae,
615 2555 666 2614 scd
685 2553 799 2615 tantum
817 2558 881 2617 illos
895 2558 946 2633 qui
960 2557 1022 2633 jam
1036 2555 1174 2634 proxime
1203 2594 1206 2598 -
1299 2539 1300 2560 ¹

165 2642 311 2719 incipiunt
338 2641 516 2702 constituere
538 2640 641 2699 vinum
669 2657 820 2710 acescens,
841 2640 930 2719 valgd
948 2641 1078 2713 dictum,
1099 2640 1173 2702 vitto
1196 2710 1204 2717 ,
1299 2635 1300 2660 ’

165 2721 242 2785 colla
257 2731 372 2805 parata,
389 2727 469 2797 sive,
490 2721 601 2783 andalo
623 2719 682 2784 allo
702 2730 821 2802 apunto.
837 2727 896 2783 Nec
917 2725 984 2783 licet
1002 2742 1174 2785 consecrare

166 2810 199 2872 in
216 2811 288 2869 vino
308 2810 479 2885 congelato,
500 2808 557 2867 nisi
582 2807 715 2884 liquefiat
730 2807 801 2868 dum
823 2817 1010 2868 consecratur
1024 2806 1055 2886 (l.
1074 2811 1104 2868 6.
1118 2811 1171 2871 cit.

166 2911 198 2953 n.
215 2895 283 2953 207.
299 2894 356 2967 Qu.
368 2892 419 2968 1.).
438 2892 517 2963 Quin
537 2899 636 2950 etitem
657 2891 763 2950 vinum
782 2893 966 2969 congelatum
987 2893 1024 2951 sit
1048 2896 1173 2953 materia

166 2987 252 3055 apta,
267 2976 372 3053 nequit
392 2974 543 3044 dubitari,
563 2974 636 3034 dum
655 2975 764 3034 dicitur
776 2976 814 3037 in
832 2977 969 3035 Rubriae.
987 2974 1033 3053 (dc
1054 2974 1171 3055 Defect.

166 3059 193 3141 S.
210 3062 242 3122 in
259 3059 391 3141 hyeme).-
407 3058 442 3119 Sa'
458 3059 491 3117 in
505 3058 605 3138 laycae
622 3058 746 3138 sarranis
766 3059 928 3141 coatqctctar
949 3059 982 3119 ia
1004 3058 1109 3131 colica,
1129 3063 1176 3123 ia»

166 3142 303 3206 calcatur
322 3141 401 3203 colia
418 3143 530 3222 partiris
548 3139 721 3223 ‘calefactim
744 3151 796 3204 etc.
818 3144 906 3206 dcirca
930 3142 1074 3224 liquefiat.
1094 3146 1176 3225 Ergo

166 3246 220 3308 per
246 3229 476 3307 congelationem
506 3245 567 3287 non
594 3239 827 3303 corrumpuntur
852 3231 962 3307 species
986 3230 1074 3300 vini,
1101 3230 1176 3292 alids

91 3379 94 3384 ,
165 3312 313 3380 desineret
327 3329 390 3372 esse
407 3301 448 3371 ibi
465 3311 583 3388 sanguis
598 3309 706 3369 Christi
723 3310 799 3388 (cide
814 3311 878 3392 ib).
893 3313 970 3385 Quid
983 3314 1008 3371 si
1022 3311 1175 3376 celebrans

167 3396 199 3455 in
215 3397 383 3473 sumptione
397 3395 583 3466 adverteret,
596 3394 702 3454 vinum'
718 3413 780 3454 esse
793 3401 987 3475 corruptam?
1000 3397 1056 3456 liti
1069 3397 1177 3462 dmunt

167 3476 300 3536 sufficere
317 3487 351 3539 ut
370 3480 431 3539 sola
447 3480 499 3539 liat
520 3479 700 3539 consecratio
720 3480 793 3539 vini.
816 3481 873 3540 Sed
895 3482 1000 3541 molius
1022 3488 1068 3541 est
1085 3480 1176 3558 juxte

170 3555 327 3619 ltubricam
348 3560 418 3637 (nisi
436 3561 511 3623 adsit
532 3561 713 3643 scandalum)
732 3562 843 3625 itcrdm
863 3564 987 3640 vinum,
1009 3572 1040 3625 et
1062 3582 1176 3628 novam
