2642 4167
349 252 352 257 ·
426 216 629 305 ‘reposuit
642 221 888 284 centonario
1109 226 1166 286 roo

198 328 403 392 caninorum
426 325 631 394 benedicitur,
653 334 737 384 vetus
766 322 1000 384 comburendum
1023 331 1086 394 cst,
1113 344 1166 386 uec

159 416 232 476 licet
257 413 367 491 absque
386 410 556 471 necessitato
578 412 672 468 reteri
694 408 851 468 chrismate
877 409 920 467 uti
946 407 981 465 nd
1004 416 1166 472 extremam

161 501 355 566 Unctionenr,
371 496 439 557 crim
463 512 572 554 novum
587 492 688 553 haberi
704 502 819 571 potest,
835 503 868 552 ut
889 511 923 553 ex
940 511 1004 552 can.
1018 494 1084 554 tar.
1095 496 1165 557 dist.

160 586 192 649 4,.
208 585 244 644 dc
264 591 424 644 consecrat.
445 581 589 661 eolligunt
601 583 755 641 Doctores,
776 578 850 637 ibid.
873 598 903 638 n.
922 580 951 643 4.

200 684 325 744 Licitum
350 691 394 742 est
417 681 481 742 oleo
508 689 675 741 consecrato
699 677 859 737 admiscere
881 679 993 755 aliquid
1020 679 1076 739 olci
1106 699 1164 742 non

160 769 340 838 consecrati,
357 766 436 846 quod
459 777 587 828 attamen
617 762 656 825 sit
680 767 710 824 in
731 764 840 825 minori
867 767 1050 842 quantitate,
1078 766 1166 846 quiam

49 926 51 930 ,
160 862 386 928 consecratum
408 851 457 911 sed
480 870 534 911 nec
561 852 625 922 sas,
651 868 705 911 nec
725 850 799 908 ratio
823 851 990 925 permittit,
1022 860 1054 910 ut
1081 859 1166 911 rotas

159 934 283 1006 oleum,
306 934 373 995 cum
394 940 489 1012 potest
511 953 621 994 novum
650 922 778 1009 habe‘ri,
804 933 837 992 cd
857 933 1036 994 admixtione
1062 954 1166 1016 pccpc·

94 1063 97 1067 ⁷
161 1018 363 1079 tuotonlbid.
376 1040 407 1078 n.
420 1022 451 1079 4.

202 1111 276 1171 Cion
293 1113 386 1171 fontes
408 1112 457 1171 dic
480 1109 597 1172 Sabbnti
621 1110 748 1172 sanctia
774 1110 908 1189 parochis
928 1111 1163 1185 benedicuntur,

159 1206 312 1275 prestaret
338 1214 414 1255 novo
434 1195 609 1273 chrismate,
630 1197 667 1256 nb
689 1198 830 1276 Episcopo
857 1194 940 1256 Feriu
956 1194 992 1258 V.
1019 1199 1049 1258 in
1078 1202 1165 1260 coena

160 1280 282 1339 Domini
297 1277 359 1357 ojus
370 1283 439 1340 anni
454 1281 624 1352 benedicto,
637 1282 728 1340 ritum
748 1299 896 1358 peragere.
911 1280 955 1341 lb.
968 1301 998 1341 n.
1019 1284 1048 1343 5.

200 1368 241 1424 Ex
252 1364 320 1442 jure
339 1366 489 1425 communi
505 1368 576 1425 Can.
593 1366 684 1425 Orioni
697 1373 822 1444 tempore
834 1364 908 1436 ‚dist
918 1370 947 1427 4.
963 1369 1006 1427 Dc
1016 1387 1166 1444 consecr,

161 1467 223 1510 non
246 1451 313 1510 licet
332 1449 446 1510 deicrre
468 1469 546 1510 sacra
567 1450 630 1510 olea
653 1452 709 1510 nisi
725 1450 927 1526 subdiaconis,
947 1454 993 1512 rel
1016 1452 1164 1526 diaconis,

160 1535 209 1599 tel
226 1535 540 1595 cremonensium.
556 1538 584 1595 t.
638 1603 641 1609 ,

199 1634 336 1713 Episcopi
371 1630 455 1694 latini
485 1636 613 1695 infantes
637 1653 746 1712 graecos
771 1634 787 1695 a
816 1633 995 1713 presbyteris
1017 1637 1118 1714 graecis
1135 1639 1167 1699 in

161 1718 244 1780 laun
256 1725 286 1778 ct
297 1719 401 1778 insulis
415 1719 613 1795 adjacentibus
628 1719 818 1778 confirmatos
829 1719 960 1778 absolute
973 1718 1166 1799 confirmeat3

160 1804 243 1863 nulia
265 1803 345 1862 enim
370 1800 386 1862 a
414 1801 604 1864 Pontificibus
634 1802 701 1861 data
724 1803 783 1862 iilis
812 1803 931 1862 facultas
952 1812 1018 1876 est,
1037 1815 1069 1866 ut
1097 1827 1167 1867 con-

160 1887 300 2031 prmcnt,
327 1888 457 1968 adeoque
475 1888 505 1949 id
528 1897 651 1967 egerunt
666 1886 804 1947 invalide.
825 1884 918 1948 Bulla.
941 1888 1011 1950 Etsi
1025 1888 1167 1952 Pastore·

176 1970 285 2051 is.§.5.

202 2067 258 2141 Qui
276 2064 440 2126 confirmati
458 2074 527 2126 sunt
549 2065 564 2127 i
585 2066 710 2144 simplici
729 2084 823 2144 gracco
846 2067 994 2128 sacerdote
1006 2062 1166 2145 'invalidd,

160 2153 195 2213 in
216 2143 298 2210 iulia
315 2161 344 2210 et
364 2151 467 2211 insulis
481 2150 703 2226 adjacentibus,
720 2170 780 2210 iton
799 2161 869 2211 sunt
884 2155 1026 2231 cogendi,
1042 2166 1074 2217 ut
1087 2158 1167 2220 idem

160 2245 377 2295 sacramentum
395 2236 431 2295 ab
451 2235 599 2312 Episcopis
624 2233 732 2295 iterum
748 2239 927 2314 suscipiant,
946 2240 969 2298 si
995 2241 1062 2299 inde
1083 2260 1167 2300 scan-

161 2319 228 2379 dala
238 2320 396 2379 timeantur
410 2341 418 2378 c
437 2318 576 2379 oroncndi
591 2328 689 2379 terrico
703 2328 772 2381 sunt
786 2321 822 2380 ab
837 2320 1005 2381 ordinariis
1019 2319 1168 2395 locorum,

161 2421 211 2465 cos
229 2404 330 2483 praeis
346 2402 458 2484 pcccott'
468 2415 554 2464 croto
576 2406 668 2464 terreri
684 2403 736 2474 ,si
760 2404 826 2463 etim
850 2414 974 2480 possunt
995 2404 1035 2465 ad
1059 2407 1166 2484 coustr-

161 2487 323 2547 mctioneot
341 2487 470 2565 dcccdccc
483 2487 567 2549 ilium
581 2496 711 2548 corruunt
728 2506 762 2546 uc
780 2486 944 2566 replicent.
965 2490 1009 2547 ib.

203 2572 293 2630 Greci
315 2571 351 2630 ab
372 2574 513 2651 Episcopo
525 2571 793 2650 graecocatholico,
807 2573 830 2628 si
846 2570 947 2630 haireni
970 2574 1059 2648 possit
1075 2592 1167 2642 ,con-

161 2655 302 2717 firmandi
322 2664 391 2716 sunt
401 2700 413 2733 ,
438 2655 594 2717 chrismato
614 2654 741 2714 tamena
755 2654 853 2712 latinis
873 2655 1021 2732 Episcopis
1037 2669 1165 2734 accepto.

162 2738 242 2798 thiu.

203 2822 369 2901 Presbyteri
389 2820 631 2901 gracco-catholici
657 2841 718 2882 non
736 2830 804 2880 sunt
831 2821 951 2899 cogendi
979 2822 1041 2882 olea
1069 2834 1166 2884 sancta

161 2907 295 2983 accipere
312 2908 348 2967 ab
366 2902 514 2985 Episcopis
527 2909 625 2968 latinis
647 2907 837 2974 dioecesanis,
859 2904 925 2965 cun
943 2907 997 2984 ipsi
1022 2925 1057 2966 ex
1077 2911 1168 2968 veteri

160 2987 224 3048 ritu
240 2990 289 3050 iiia
306 2990 462 3051 conficiant
479 3010 529 3051 seu
549 2988 739 3062 benedicant,
755 3000 874 3068 excepto
885 2998 982 3049 tamen
994 2990 1167 3062 christinam,

162 3072 244 3150 quod
260 3076 377 3134 nonnisi
399 3075 436 3134 ab
449 3076 590 3154 Episcopo
610 3076 699 3135 etiam
712 3074 794 3149 juxta
809 3094 911 3133 corum
927 3076 1018 3134 ritum
1036 3076 1168 3137 beriediei

161 3156 276 3234 debet3
301 3177 361 3219 non
385 3169 484 3219 tonica
507 3161 570 3219 olea
589 3160 643 3219 isto
672 3161 800 3238 accipere
825 3159 950 3219 audeant
965 3160 1001 3219 ab
1021 3161 1169 3239 Episcopis

160 3245 264 3320 grecis
284 3243 413 3303 externis
434 3243 556 3303 diuersas
577 3245 614 3304 ub
637 3242 760 3304 Ecclesid
784 3246 913 3305 Romani
942 3246 1169 3318 communionis,

161 3326 245 3397 Quia
265 3329 477 3406 nce-occipiunt
499 3327 536 3388 ab
554 3330 612 3389 alio
626 3331 766 3407 Episcopo
781 3329 872 3389 latino
888 3348 938 3389 scu
960 3328 1168 3408 gracco-catho-
1215 3391 1218 3396 .

161 3410 241 3485 lico,
257 3421 456 3491 preterquam
470 3412 508 3473 ab
528 3410 687 3475 ordinario
709 3431 784 3488 suo,
798 3415 822 3474 si
840 3414 879 3475 sit
892 3416 1013 3475 latinus.
1025 3414 1070 3475 lb.
