2642 4167
194 227 255 289 bii
375 222 796 308 Epitomedcclrinoecsorolis
816 218 1001 283 “canonicae

587 408 694 473 FESTl
711 412 808 472 ntes,

232 532 327 661 Opera
338 581 454 642 seruilio
465 581 569 642 (liebus
585 581 665 640 lestis
681 578 897 656 probibentur,
916 595 956 637 ne
970 546 1119 638 ruralibus
1130 583 1191 658 qui-

194 664 262 727 uem
279 666 430 745 exceptis3
452 665 655 727 conceduntur
671 671 794 733 minen,
817 665 842 722 si
858 674 961 739 urgeri
975 680 1064 735 vera,
1087 672 1117 723 et
1135 683 1191 724 non
1279 704 1280 707 κ

194 749 326 809 alienata
355 750 519 810 necessitas.
539 747 679 808 treenta
710 746 783 808 verb
809 748 857 806 illa
884 747 1053 823 diceretur,
1081 748 1113 806 in
1139 752 1191 825 qul

71 840 75 847 '
193 850 301 910 opera,
323 851 389 911 quse
414 833 519 892 diebus
543 831 777 909 precedentibus
797 831 863 890 lieri
884 839 1026 908 possent,
1054 830 1091 889 nd
1118 832 1191 890 diem

193 917 299 977 testum
309 916 548 976 transferrentur.
562 914 689 974 Petends
705 924 749 974 est
759 912 881 974 mmcnir
894 913 1053 990 Superiorc
1060 913 1189 985 facultas,

194 998 300 1076 siquid
317 999 449 1076 insurgat
466 999 656 1058 necessitatis,
669 999 750 1057 Hanc
763 998 834 1058 verb
847 997 1015 1056 facultatem
1035 996 1108 1056 dure
1124 999 1191 1057 solet

195 1082 354 1160 Epismpus
378 1080 515 1159 paroebis
534 1082 685 1142 ruralibus
707 1083 739 1141 in
759 1082 864 1141 ordine
883 1081 920 1139 ad
939 1097 1027 1156 opera
1050 1083 1189 1158 agrestia,

193 1164 290 1241 quella
304 1182 335 1223 sc
350 1162 492 1225 baberent
508 1167 641 1225 oneratis
654 1167 874 1244 plaustrorum,
892 1162 1024 1223 collectio
1037 1164 1157 1242 frugum
1167 1173 1192 1223 ct

193 1249 365 1322 fructuum,
387 1247 509 1309 berbatn
527 1266 646 1321 secere,
670 1250 958 1328 colligemuscum,
982 1248 1100 1323 quando
1121 1251 1192 1327 peri·

194 1332 293 1392 culum
313 1333 449 1393 imminet
465 1351 542 1392 verce
567 1334 773 1412 tempestatis,
792 1335 838 1393 vel
855 1331 974 1409 quaudo
993 1330 1042 1389 die
1063 1334 1192 1409 sequenti

194 1417 392 1476 transferenda
409 1417 524 1477 suntin
541 1416 711 1489 civitatem,
736 1435 790 1477 nec
808 1426 904 1495 posset
927 1414 1192 1477 incommodent

197 1501 281 1561 ferri.
295 1502 390 1559 instit.
402 1502 509 1559 Eccles.
526 1501 574 1557 ct.
589 1519 620 1559 n.
634 1503 683 1560 55.
701 1512 758 1560 etc.

232 1586 382 1647 blolitcres
395 1604 456 1646 non
477 1596 597 1666 possunt
616 1588 763 1647 molitioni
788 1588 979 1649 incumbere,
995 1585 1112 1644 etiamsi
1135 1604 1192 1646 mo·

195 1667 349 1731 londinum
382 1671 477 1749 aque,
493 1692 544 1734 sen
566 1671 732 1749 jumentis,
757 1688 808 1730 seu
838 1680 926 1731 vento
951 1667 1111 1743 volvetur3
1137 1688 1192 1730 nun

194 1762 336 1828 pomum,
360 1761 501 1836 inquom,
526 1757 636 1818 seclusi
676 1754 908 1826 consuetudine,
935 1758 983 1816 rel
998 1755 1191 1814 necessitate:

195 1855 261 1912 quac
289 1845 443 1900 necessitas
468 1843 493 1900 si
522 1842 625 1907 ubit,
661 1839 693 1897 in
721 1839 838 1897 ‹lioecesl
863 1841 1040 1901 Bononiensi
1078 1838 1193 1908 incultus

195 1921 283 1981 noni
297 1924 441 2003 parocho,
463 1924 513 1984 scd
536 1923 645 1983 bcu'rilt
670 1920 906 2000 archiepiscopali
925 1925 1107 1985 conceditur.
1122 1921 1191 1982 lbid.

195 2018 226 2063 n.
242 2006 290 2067 5⁷.

232 2088 355 2152 Piscetio
372 2092 450 2152 inter
466 2110 554 2170 opera
568 2091 687 2152 servilis
703 2091 751 2150 die
765 2091 840 2150 festo
861 2091 951 2150 vetita
967 2091 1194 2163 relcrenda-est3

194 2172 219 2232 si
237 2182 335 2234 tamen
353 2177 505 2237 necessitas
519 2184 623 2255 urgeat
640 2176 795 2253 piscandi,
814 2174 850 2237 cb
867 2175 948 2251 qubd
961 2177 1043 2235 statis
1055 2176 1126 2235 anni
1135 2175 1194 2235 die·

194 2255 249 2315 bus
262 2256 312 2317 liet
328 2260 468 2320 transitus
481 2262 604 2340 piscium
617 2304 626 2330 ,
639 2277 698 2335 quo
712 2259 809 2335 elapso
826 2261 968 2335 temporis
978 2260 1103 2319 articulo
1112 2258 1195 2335 pisca·

194 2340 238 2400 tiu
260 2359 363 2402 eorum
380 2344 460 2403 nnlln
477 2346 581 2413 lieret,
597 2351 668 2401 tunc
681 2342 857 2419 siaitpcrlbus
884 2343 1077 2420 piscatoribus
1096 2342 1201 2400 dotum

194 2433 260 2495 cst,
281 2429 408 2504 luepori
423 2428 465 2486 illi
479 2428 649 2486 incumbere
662 2428 797 2503 possint,
818 2425 980 2485 dumnsodb
998 2425 1031 2484 id
1053 2444 1113 2486 nun
1123 2443 1193 2503 pre·

194 2518 273 2586 stent
286 2512 334 2572 die
347 2514 513 2573 Natiuitatis
529 2513 649 2571 Domini
664 2555 672 2581 ‚
690 2510 883 2589 Epiphaniae,
903 2511 1068 2581 paschatis,
1090 2513 1193 2569 llseen·

193 2595 305 2666 sionis,
321 2598 521 2671 lentennaco,
536 2609 566 2656 ct
591 2596 730 2674 Corporis
743 2595 871 2669 elisisti,
891 2595 973 2670 juxto
993 2613 1026 2652 ac
1042 2595 1116 2654 olim
1128 2610 1193 2652 cun·

193 2696 305 2737 ccssrim
315 2681 371 2738 luit
386 2681 608 2741 'trevirensibus
628 2680 667 2738 sb
688 2675 856 2739 Alexandro
872 2680 935 2737 111.
955 2678 999 2738 Dc
1014 2680 1087 2757 Syn.
1102 2678 1189 2737 Dioec.

195 2761 217 2820 l.
234 2763 320 2822 loc.
338 2765 431 2822 l8.n.
449 2766 499 2824 lu.
535 2806 538 2811 -

630 2933 749 2991 ulnus.

232 3100 320 3160 Actus
338 3100 437 3172 Fidei,
452 3099 524 3179 Spei
533 3108 563 3160 et
582 3100 739 3160 charitatis
752 3102 862 3162 debent
875 3121 928 3182 per
952 3103 1085 3163 reddens
1106 3100 1189 3170 elici,

193 3182 259 3241 cium
277 3185 372 3261 aliqnl
389 3186 550 3244 tentatione
568 3200 728 3262 urgemur,
743 3204 797 3245 nec
808 3187 886 3246 illam
898 3198 1037 3264 superare
1049 3188 1189 3256 velemus,

192 3268 248 3325 uisi
265 3267 391 3328 efficacit
404 3269 523 3328 illorum
541 3271 781 3328 acutium.-tnstic.
796 3272 903 3330 Eccles.
920 3272 969 3330 ta.
984 3289 1017 3330 n.
1029 3273 1078 3331 90.

230 3352 296 3409 Non
314 3334 421 3412 s'ulllcit
437 3352 473 3410 nd
502 3350 654 3429 implenda
670 3353 727 3411 tria
746 3354 801 3413 ista
824 3365 986 3433 praccepta,
1004 3372 1057 3414 scu
1073 3353 1190 3412 charites
1279 3406 1280 3409 ,

192 3432 344 3504 virtualis,
363 3453 429 3510 quae
454 3436 486 3493 in
502 3437 690 3512 obsequendo
715 3436 824 3495 divinis
843 3439 995 3515 praeceptis
1020 3447 1188 3504 exercetur,
1279 3446 1280 3515 ᾗ

192 3524 246 3602 nec
260 3516 346 3574 ctiam
370 3516 444 3574 fides
459 3519 612 3588 virtualis,
635 3529 720 3578 ulex
740 3520 874 3597 pluribus
896 3520 1042 3581 damnetis
1063 3518 1191 3599 proposi·

194 3594 324 3672 tionibus
342 3596 490 3657 linuntur.
504 3601 600 3660 lustit.
615 3603 722 3661 Eccles.
734 3605 783 3662 72.
799 3620 830 3661 n.
846 3606 895 3665 20.
