2642 4167
178 233 236 295 sot
371 231 507 312 Epitome
518 227 655 290 doctiiinc
670 223 791 287 litoralis
800 233 828 284 et
836 227 983 285 cononice

178 334 248 393 dee
257 334 377 394 elericos
387 330 404 391 i
416 330 545 402 Divinis,
558 327 615 390 uti
629 331 659 388 S.
668 330 701 389 C.
714 327 844 388 decisum
856 324 993 386 traditur.
1008 327 1050 386 Dc
1060 327 1179 406 Synodc

178 417 345 477 tticccsane
359 415 412 475 lib.
426 417 474 474 ll.
489 432 552 492 cap.
566 415 595 474 8.
613 430 698 473 num.
712 414 742 472 5.
757 409 842 484 Quod
862 408 934 470 sded
953 427 1056 469 verum
1069 419 1131 479 est.
1144 421 1180 469 ut

177 501 259 561 nullo
271 499 340 578 jure
356 500 499 577 obstringi
517 499 607 575 possit
624 497 660 557 ad
672 513 787 555 cousom
798 493 862 571 ejus
877 494 1074 571 suspensionis
1083 495 1180 553 mani·

175 585 347 644 testandam.
365 585 417 643 l'as
426 592 471 642 est
485 593 582 642 temen
596 599 649 641 reo
663 579 797 658 querelas
809 574 1103 646 tantummoddsuas,
1118 595 1179 638 non

176 670 400 747 appellationem
413 668 480 727 Sedi
500 667 664 747 apostolicas
675 680 838 743 exponere,
851 673 884 722 ut
904 681 940 722 ex
953 679 1092 740 responso
1101 665 1130 722 S.
1142 664 1177 722 C.

176 753 313 814 traditur.
326 755 369 814 lb.
382 771 412 813 n.
425 753 456 812 l.
471 754 580 830 Exque
597 752 648 825 tit,
662 758 696 808 ut
706 750 759 808 etsi
769 765 837 807 reus
848 746 1072 824 appellationem
1084 748 1179 806 inter·

176 838 324 913 posuerit,
342 839 366 897 si
392 838 512 896 interim
532 835 667 894 ordinem
689 851 777 892 suurn
801 831 973 892 solemniter
994 832 1177 900 exercuerit,

176 920 318 982 continuis
330 921 573 998 irregularitatem
587 917 825 977 insurrecturi.
838 916 868 974 5.

214 1018 337 1091 Clerici,
359 1029 514 1096 antequem
541 1017 717 1076 ordinentur
737 1016 768 1076 in
794 1017 902 1092 sceris,
922 1015 1054 1077 studium
1075 1018 1177 1087 saltem

176 1100 342 1182 Theologioe
363 1103 481 1163 blornlis
502 1102 681 1180 premitteres
716 1110 875 1173 tenentur,
898 1102 936 1161 ita
963 1101 1043 1160 enim
1069 1100 1178 1163 intelli·

175 1189 267 1266 penda
280 1199 324 1248 cst
338 1189 449 1248 sanctio
458 1187 594 1246 Trident.
609 1203 679 1247 sess.
692 1188 741 1245 25.
756 1206 782 1245 o.
803 1187 850 1244 ll.
866 1185 1023 1263 injungens
1046 1195 1080 1246 ut
1097 1189 1179 1247 ordi·

176 1274 265 1334 nandi
277 1272 319 1335 od
336 1271 481 1356 populum
499 1271 660 1334 docendum
679 1292 732 1342 eo,
750 1290 817 1353 price
836 1271 910 1332 seire
932 1269 1066 1333 oscinibus
1085 1291 1179 1335 arcem·

174 1358 289 1420 serim
301 1367 345 1419 est
362 1358 402 1420 ud
421 1354 547 1418 salutem
559 1402 567 1429 ,
580 1377 615 1417 cc
630 1355 672 1417 od
687 1355 890 1417 ministrando
904 1357 1096 1416 Sesciacum
1114 1356 1178 1418 ido-

175 1441 225 1503 nsi
237 1441 475 1523 comprobentur,-
489 1452 577 1520 atque
595 1440 652 1501 hoc
669 1434 836 1518 injunctum
855 1438 929 1499 esst
951 1438 1062 1500 Bened.
1081 1442 1114 1501 X
1115 1442 1177 1500 Ill.

176 1526 379 1591 confirmando
391 1527 502 1586 bullsm
516 1521 842 1606 Apostoliciministerii
852 1532 903 1584 ete.
917 1523 1012 1583 datam
1026 1541 1082 1602 pro
1091 1524 1180 1583 retor-

176 1613 305 1672 mntlonc
315 1612 384 1672 cleri
400 1613 545 1689 llispcniae
555 1654 563 1683 ,
574 1620 604 1669 ct
615 1610 765 1688 tamquam
778 1626 913 1670 normam
926 1625 980 1686 pro
992 1608 1056 1668 aliis
1068 1608 1180 1686 episeo-

176 1696 302 1774 pulibus.
312 1700 384 1756 lust.
401 1697 478 1756 Eccl.
488 1697 518 1756 2.
531 1713 561 1754 n.
575 1696 604 1755 l.
617 1704 647 1755 et
660 1696 690 1761 b.

214 1797 318 1858 Clerici
335 1797 491 1860 ordinandi
510 1798 541 1857 in
562 1796 651 1856 suecis
669 1794 791 1874 cogendi
814 1803 885 1855 sunt
910 1795 947 1855 ad
973 1795 1178 1873 praemittendo

174 1883 311 1941 exercitia
324 1883 485 1961 spiritualia
501 1881 601 1940 decem
621 1881 759 1954 dierum,
775 1888 809 1938 ut
824 1880 894 1939 otim
905 1880 1053 1957 Episcopis
1065 1881 1177 1951 ltalioe,

216 1969 380 2027 insulnrunt
403 1966 598 2043 adjacentium
617 1965 765 2025 mandavit
784 1966 814 2024 in
832 1965 978 2043 encyclied
997 1968 1101 2025 Irenae.
1115 1968 1177 2027 XI.

179 2059 204 2111 at
220 2050 438 2111 innovaritalid
449 2049 594 2128 encyclied
610 2046 741 2109 Clemens
753 2050 813 2111 ΧΙ.
830 2050 904 2108 lnst.
915 2050 1176 2111 Ecclcs.lOl.n.b.

212 2144 278 2203 Non
294 2141 381 2201 debet
395 2143 553 2221 Episcopus
570 2143 747 2221 precipere,
761 2150 795 2201 ut
813 2141 910 2201 elerici
925 2141 1089 2203 minoribus
1102 2144 1181 2204 ordi·

174 2227 261 2290 nibus
286 2228 413 2295 initiati,
439 2228 485 2286 vel
511 2227 600 2286 etiam
622 2226 784 2302 majoribus
800 2226 1045 2298 subdiaconatus,
1070 2230 1179 2289 etc.ad

174 2330 270 2374 sacros
282 2311 400 2373 ordines
416 2311 589 2381 ascendant,
603 2312 718 2371 etiarnsi
739 2312 770 2371 id
788 2310 872 2370 facilc
890 2313 1048 2372 constituat
1066 2312 1102 2372 ad
1117 2313 1179 2373 evi·

173 2398 261 2461 tande
283 2396 416 2459 seandala
444 2397 595 2456 minorum
619 2396 816 2465 clericorum,
836 2397 887 2473 qui
910 2397 971 2456 otio
996 2407 1026 2457 ot
1044 2398 1124 2457 vitiis
1144 2417 1180 2458 se

173 2482 304 2559 dedunt,
324 2481 450 2542 idonius
468 2481 665 2541 ecclesiastice
686 2481 847 2558 discipliuoe
865 2489 1019 2558 repugnat.
1041 2484 1085 2541 Dc
1104 2485 1177 2561 Syn.

173 2569 267 2628 Dioec.
289 2566 353 2627 Lib.
374 2568 423 2626 ll.
448 2584 475 2625 o.
494 2568 523 2626 l.
545 2584 577 2624 u.
598 2567 627 2624 2.
643 2564 675 2624 ld
695 2574 793 2624 tanuen
809 2583 912 2622 rerunt
933 2575 996 2638 cst,
1011 2566 1035 2625 si
1057 2567 1179 2643 quidem

173 2651 277 2712 clerici
295 2649 416 2710 nullum
430 2649 605 2710 beneficium
619 2648 844 2708 ecclesiasticum
860 2649 1032 2720 obtineant,
1047 2651 1092 2709 vet
1106 2651 1182 2710 obti-

174 2745 262 2796 neant
277 2736 397 2814 quidem
420 2733 617 2802 beneficium,
630 2734 681 2792 scd
699 2751 757 2793 non
771 2752 807 2792 ex
822 2731 900 2801 illis,
913 2736 1182 2810 qtribusonnexum

173 2829 216 2881 est
232 2838 306 2881 onus
318 2818 495 2897 suscipiendi
511 2837 606 2878 sacros
621 2819 752 2878 ordines.
768 2818 813 2876 lb.
832 2836 864 2877 n.
878 2820 907 2877 5.
923 2819 980 2893 Qui
1000 2820 1082 2879 enim
1102 2819 1182 2879 obli·

171 2906 320 2985 gastonem
340 2902 484 2962 beneficio
501 2920 555 2962 suo
573 2921 716 2962 annexam
737 2903 944 2981 neglexerunt,
960 2901 1102 2982 beneficio
1116 2905 1183 2982 pri·

172 2998 290 3048 vantttr.
304 2989 346 3046 Ex
358 2985 439 3046 Trid.
456 3005 518 3064 cap.
534 2987 582 3046 ta.
600 3005 670 3046 sess.
688 2989 737 3046 ll.
752 2987 788 3046 de
809 2987 886 3056 tter„
900 2987 956 3047 nisi
979 2997 1077 3046 tomen
1095 2986 1182 3064 justo

172 3074 384 3153 impedimento
401 3070 530 3132 excusari
550 3072 673 3149 possint.
685 3072 728 3131 lb.
744 3090 775 3130 n.
788 3073 816 3132 ti.
829 3073 930 3132 saltem
948 3070 1183 3134 ‹lurnnsodbboc

172 3158 416 3236 impedimentum
426 3155 463 3214 ab
475 3155 535 3215 illis
546 3157 703 3233 praevisum
717 3173 776 3216 non
793 3156 901 3226 luerit,
915 3166 1074 3233 antequam
1086 3156 1183 3219 bene·

171 3244 271 3305 licium
284 3241 460 3322 occeperint.

170 3343 362 3487 lexcipitur
380 3351 480 3402 tamen
503 3340 559 3401 nisi
589 3340 676 3400 aliter
700 3349 836 3419 exposcat
859 3342 1012 3403 necessitas
1029 3343 1181 3406 scctcstae.

208 3445 261 3486 .ιι.
297 3467 306 3485 .

208 3524 399 3586 Sacerdotum
419 3528 542 3605 penuria
565 3544 626 3586 non
651 3529 722 3586 satis
743 3535 787 3586 est
810 3541 922 3597 causus,
943 3535 978 3587 ut
999 3528 1097 3588 clerici
1117 3528 1185 3588 illi-

172 3606 257 3662 terati
272 3607 309 3664 ad
329 3625 426 3672 sacros
446 3610 564 3672 ordines
588 3620 842 3688 promoveantur,
860 3609 927 3668 otiu
948 3612 978 3669 S.
1002 3611 1182 3672 deonanti
