2642 4167
135 275 197 335 171
315 271 451 351 Epitoure
468 267 609 332 doctrine
626 264 749 330 litoralis
763 275 792 326 et
810 262 957 328 coaoaicoe

138 381 214 442 istud
233 380 447 447 admittuntur,
468 379 505 438 de
521 379 636 439 ratione
652 376 876 438 administraudi
896 374 954 437 riti
966 376 1168 455 baptismum.

138 465 254 526 edoceri
270 466 376 525 solent.
387 463 450 523 lbid
464 483 493 521 n.
507 465 538 523 t.

177 550 272 609 'lestis
288 549 413 614 unicus,
431 547 546 606 etiamsi
572 546 680 606 mulier
698 547 737 606 sit
751 589 759 615 ,
772 545 879 604 subicit
902 543 938 603 ad
966 543 1152 624 probandum

140 631 332 709 baptismum.
343 633 413 691 Cau.
433 627 597 696 Parvulos.
617 639 646 689 et
664 631 733 689 Cau.
751 628 825 689 Cum
849 627 948 708 itaque
960 628 998 687 de
1011 646 1143 688 conseer.

141 716 216 775 Dist.
228 718 257 776 1.
267 717 339 775 lust.
353 715 459 774 Eccles.
472 715 520 775 98.
534 731 566 773 n.
582 716 625 773 15.
754 714 757 717 ’

180 800 218 858 At
242 800 266 858 si
293 800 495 858 testimonium
527 800 566 857 sit
593 797 631 858 ab
659 796 780 858 bomine
803 799 936 867 incerto,
952 797 982 856 in
1009 814 1043 857 re
1072 796 1147 857 adeb

142 883 224 959 gravi
240 883 343 960 ignoto
360 882 530 941 testimonio
551 881 667 941 deterre
686 900 745 940 non
770 899 946 959 possumus:
962 897 1053 957 quare
1077 889 1149 940 tune
1178 888 1194 939 .’

142 965 365 1043 rebaptizandus
385 973 429 1024 est
450 965 545 1024 inians
564 965 619 1023 sub
641 965 826 1032 conditione,
850 963 963 1022 etiamsi
982 961 1151 1022 schedulam

142 1049 179 1108 de
189 1058 322 1127 suscepto
335 1050 510 1126 baptismate
525 1047 541 1107 d
557 1049 633 1108 eollo
645 1064 811 1124 suspensum
826 1048 915 1121 serat,
933 1044 975 1105 uti
994 1044 1048 1123 pro
1064 1064 1154 1122 expo·

143 1132 206 1191 sitis
228 1131 413 1209 inhospitali
436 1132 473 1191 de
495 1133 526 1191 S.
547 1132 658 1208 Spiritu
684 1132 715 1191 in
730 1132 812 1190 Saxiai
829 1131 866 1189 de
882 1130 979 1200 Urbe,
1000 1129 1154 1207 respoudit

142 1221 220 1287 Sacr.
247 1219 353 1294 congr.
374 1219 462 1277 Cone.
482 1216 530 1276 die
552 1218 601 1276 15.
621 1218 689 1276 lan.
720 1217 807 1276 1711.
824 1217 868 1276 De
889 1214 1000 1294 Synod.
1025 1217 1148 1275 Dioeres.

143 1301 195 1360 lib.
211 1303 241 1360 7.
262 1320 288 1358 c.
305 1304 334 1359 o.
355 1319 386 1360 n.
406 1303 434 1359 s.

183 1385 213 1444 Si
238 1383 309 1446 veri)
336 1394 439 1462 agatur
458 1385 496 1444 de
516 1385 667 1463 baptizatis
683 1385 721 1445 ab
743 1383 916 1456 haereticis,
936 1384 988 1463 quii
1006 1383 1043 1444 ad
1059 1383 1152 1444 iidem

145 1471 305 1530 Romanam
330 1471 432 1528 venire
459 1479 585 1546 petunt,
607 1477 679 1529 tune
700 1479 816 1546 oportet
836 1471 1036 1547 investigare,
1063 1477 1154 1527 num'·

145 1554 216 1630 quid
240 1555 271 1614 in
291 1553 368 1613 secti
388 1554 438 1613 illd
458 1551 667 1612 baereticorum
690 1554 920 1615 innovatum'sit
944 1552 1056 1630 aliquid
1076 1552 1155 1610 eirca

145 1638 298 1697 materiam
320 1643 350 1695 et
369 1636 495 1695 formum
518 1636 667 1714 baptismi.
694 1635 780 1709 Qudd
802 1639 826 1697 si
853 1655 889 1697 ex
917 1638 972 1698 istd
996 1637 1154 1714 investiga-

145 1722 227 1783 tione
249 1720 322 1782 nihil
339 1723 410 1781 certi
425 1721 565 1792 resultet,
586 1731 656 1780 tune
672 1739 704 1780 ae
720 1721 751 1779 in
769 1721 860 1782 dubio
878 1722 1051 1800 baptismate
1064 1738 1155 1795 agen·

144 1805 278 1867 domest.
288 1807 349 1865 ltoe
361 1805 485 1864 dubium
503 1805 676 1864 rationabile
688 1805 866 1865 censendum
881 1814 925 1866 est
940 1807 970 1866 in
980 1805 1156 1882 baptismate

145 1886 350 1948 baereticorum
375 1889 556 1957 llolluudioe‚
575 1889 652 1967 apud
671 1908 744 1968 quos
761 1908 823 1948 mos
837 1890 1020 1958 invaluerat.
1033 1898 1068 1948 ut
1079 1890 1155 1948 alter

145 1989 252 2048 aquam
269 1971 424 2047 funderet,
438 1972 512 2031 alter
535 1973 661 2032 formam
683 1974 900 2050 pronuntiaret.
911 1974 1008 2046 Quare
1021 1981 1051 2031 et
1073 1991 1155 2031 nune

145 2056 273 2132 pariter,
295 2064 329 2114 ut
351 2057 382 2114 iu
402 2073 435 2114 re
456 2054 545 2115 dubid
572 2074 639 2116 eum
662 2056 720 2115 illis
736 2057 881 2134 agendum
905 2064 968 2125 est,
985 2054 1027 2116 uti
1042 2065 1072 2115 ot
1085 2074 1155 2115 eum

108 2156 117 2167 ·
145 2134 288 2197 hereticis
304 2137 436 2217 duplica,
450 2137 700 2217 quemadmodum
712 2158 747 2201 ex
758 2137 858 2220 Syloio
871 2140 993 2219 aliisque
1002 2140 1155 2201 statuitur.

42 2275 46 2283 .
145 2221 189 2282 lb.
208 2239 239 2281 n.
254 2222 284 2280 8.

184 2304 386 2381 lrreguluritas
406 2324 443 2366 ex
469 2305 624 2366 iteratione
642 2306 779 2384 baptismi
802 2310 989 2370 contrabitur
1009 2309 1099 2368 etiarn
1126 2311 1155 2370 si

146 2388 308 2466 baptismus
325 2388 436 2467 ubsque
456 2390 593 2469 prudenti
616 2391 708 2450 dubio
719 2393 774 2450 sub
788 2393 957 2452 conditione
974 2394 1154 2468 innovetur,

147 2471 409 2533 utexcatechismo
420 2477 552 2534 Romano
571 2474 666 2536 multi)
681 2474 862 2552 probabilius
873 2476 1044 2536 deducitur.
1056 2477 1156 2536 lustit.

145 2556 251 2616 diocles.
268 2557 316 2617 81.
330 2575 362 2616 n.
377 2559 426 2618 18.
444 2559 524 2617 Hane
544 2557 613 2617 verd
635 2577 753 2636 poenam
779 2561 869 2619 etiam
896 2560 1091 2638 baptizantem
1112 2561 1159 2618 al-

146 2639 254 2711 licere,
288 2658 347 2700 non
369 2640 548 2717 baptizatum
578 2641 803 2710 tantummodi),
829 2642 921 2703 terme
953 2645 1032 2702 inter
1054 2646 1161 2703 omnes

50 2800 61 2809 .
146 2724 294 2784 convenit.
316 2724 398 2784 Sicut
422 2734 451 2784 et
469 2724 503 2785 cd
519 2725 615 2783 allecti
631 2742 690 2783 non
714 2724 831 2785 tautdm
848 2727 884 2785 ad
906 2725 1024 2785 altiores
1037 2727 1160 2786 ordines

146 2806 303 2866 aseendere
330 2817 492 2877 vetantur,
519 2807 569 2866 sed
597 2816 626 2866 et
647 2808 684 2866 ab
707 2808 931 2886 exercitiojam
952 2819 1160 2886 susceptorum

147 2889 286 2949 ordinum
303 2890 529 2962 absterrentur‚
554 2909 620 2967 quae
634 2900 784 2969 tamquam
807 2895 899 2969 nangis
920 2891 1075 2952 eubaerens
1102 2894 1159 2951 auss

146 2974 273 3033 ctoritati
293 2972 466 3033 Cateebismi
481 2974 605 3034 Romani
628 2977 729 3052 opinio
751 2977 907 3053 praefertur
920 2976 1003 3035 alteri
1024 2977 1159 3055 neganti.

147 3056 341 3117 thidum.
975 3069 978 3073 ’

94 3148 97 3155 “
185 3140 410 3200 Admitteudum
430 3158 491 3200 esse
515 3141 551 3201 ad
571 3141 749 3217 baptismum
778 3144 957 3204 infantulum
980 3141 1159 3218 bebroeumss

147 3225 311 3300 postulante
334 3225 398 3283 avii
428 3225 550 3301 poterut
583 3223 764 3296 christiani,
791 3226 860 3287 lieet
891 3227 1031 3287 reclamet
1061 3238 1161 3290 muter

146 3305 262 3366 bebraea
279 3307 417 3369 defuncto
446 3309 576 3377 marito,
600 3317 631 3366 et
654 3315 769 3369 tutores
795 3312 1031 3382 testamentarii,
1059 3304 1162 3375 censet

147 3392 279 3450 Pontifex
296 3393 326 3451 in
341 3392 469 3468 Epistold
492 3392 528 3450 ad
546 3395 583 3453 lt.
603 3395 642 3452 1⁹.
663 3393 878 3474 Hieronymum
899 3392 1059 3473 Gacplieluu‘
1080 3398 1160 3456 Con·

146 3474 323 3546 gregationis
335 3475 364 3532 S.
377 3475 472 3535 Officii
484 3493 655 3535 assessorem
673 3519 681 3543 ,
701 3495 737 3536 cx
761 3496 819 3547 eo,
840 3478 920 3555 qudd
941 3478 1006 3537 avia
1022 3489 1158 3555 eompre-

146 3550 236 3643 lucndi
258 3555 347 3627 possit
367 3557 423 3615 sub
442 3559 637 3635 appellatione
656 3571 831 3636 parentum,
846 3571 877 3620 et
893 3561 991 3621 farore
1004 3562 1159 3639 religionis

146 3631 228 3689 laerte
250 3636 407 3706 praevaleat
428 3642 539 3716 matri,
558 3651 589 3702 et
601 3644 714 3703 caeteris
735 3645 884 3704 tutoribus
903 3643 1157 3706 testamentarius
