2642 4167
297 202 303 213 “
365 195 394 278 5.
410 197 448 258 V.
462 187 767 277 Metlodosoitoepro
778 193 914 258 moniali.
1087 200 1146 263 tet

139 324 214 372 num
239 302 352 363 mirum
369 297 402 357 in
419 296 544 358 modum
562 314 611 355 eos
628 295 666 355 nd
689 314 779 357 suum
802 314 935 359 amorem
952 296 1144 378 pertrahere,

139 386 277 470 quumvis
288 379 365 461 sepe
382 379 439 441 hoc
455 381 498 440 eis
516 398 577 441 nou
591 381 760 440 monifestat
771 397 828 458 pro
849 380 954 457 mrjori
972 385 1143 447 eorumdem

138 474 241 536 bono:
258 469 332 549 quin
353 475 382 526 ot
397 465 547 526 multoties
565 483 614 525 ens
633 465 778 542 relinquit
791 466 822 525 in
838 465 992 537 tenebris,
1012 477 1043 528 et
1059 469 1145 530 deso·

136 559 268 628 tutione,
287 563 318 613 et
334 551 398 610 sinc
415 550 474 608 ulle
497 548 654 610 dovotione
675 549 816 610 sensibili.
831 550 994 613 Animabus
1017 553 1080 612 istis
1097 554 1144 633 (ut

135 642 244 706 docent
274 638 306 697 S.
328 632 487 705 theresia,
513 643 544 694 et
567 632 598 693 S.
615 633 763 694 Heinricus
779 633 877 711 Suro)
903 634 1019 695 nullum
1046 636 1143 698 ellim·

135 729 198 790 cius
220 733 267 785 cst
291 719 477 789 remedium,
498 716 587 797 quim
611 718 749 795 frequens
773 720 955 780 communio.
980 720 1083 790 Unde,
1107 728 1144 784 ut
1191 728 1194 735 '

134 808 374 874 concludamus,
399 811 483 862 curet
510 801 701 862 confessarius
728 803 966 865 communionem
991 805 1143 880 sundere,

133 893 250 973 quotics
268 904 374 949 verum
397 885 579 946 desiderium
597 884 803 955 demonstret,
822 896 855 946 ct
874 888 990 963 quoties
1009 889 1144 951 advertet

134 978 265 1038 unimam
286 974 318 1032 in
341 970 447 1049 spiritu
476 968 620 1049 prolicere
641 969 785 1030 beneficio
805 970 1032 1030 communionis.
1053 973 1144 1033 Curet
1167 994 1171 1003 ·

134 1057 411 1124 ctirminsinunre,
430 1061 464 1114 ut
483 1061 549 1132 post
570 1055 811 1113 communionem
829 1055 1006 1114 immoretur
1024 1056 1055 1117 ln
1074 1074 1142 1136 grn-

135 1146 246 1207 tiorum
262 1141 380 1202 octione
397 1156 452 1217 pro
469 1156 504 1199 eo
530 1147 665 1216 tempore
677 1154 736 1215 quo
759 1145 865 1216 potest.
885 1139 1054 1201 Paucissimi
1072 1150 1143 1203 sunt

133 1228 295 1290 directores
312 1223 363 1302 qui
381 1221 485 1282 sedulb
499 1221 530 1282 id
554 1222 689 1296 fuciunt3
708 1222 818 1281 scilicet
831 1223 979 1288 inculcare
999 1225 1060 1291 suis
1078 1243 1141 1304 poe·

134 1310 316 1379 nitentibus,
341 1317 373 1367 ut
390 1325 444 1387 pcr
461 1304 581 1383 aliquod
598 1305 729 1366 notabile
750 1316 866 1385 tempus
887 1315 953 1385 post
976 1321 1141 1389 susceptam

134 1393 351 1459 Eucharistiam
378 1393 486 1471 gratius
513 1397 623 1470 agant,
644 1401 674 1450 et
696 1390 773 1452 rotio
794 1401 859 1469 est,
885 1393 952 1471 quir
975 1396 1141 1471 paucissimi
1196 1392 1201 1400 ’

133 1489 207 1542 sunt
217 1477 379 1538 secerdotes
395 1476 445 1553 qui
460 1484 526 1554 post
539 1476 635 1534 missae
657 1476 836 1536 sacrificium
850 1494 917 1537 eum
930 1476 999 1537 tesn
1024 1478 1141 1540 Christo

133 1567 168 1628 in
181 1564 342 1642 gratiarum
366 1561 481 1620 actione
499 1559 658 1621 subsistunt
671 1581 679 1634 3
693 1570 723 1619 et
745 1560 811 1621 ideo
823 1561 916 1638 pudet
928 1579 978 1621 eos
996 1561 1060 1620 eliis
1070 1561 1142 1623 insi·

133 1665 228 1713 nuere
244 1646 325 1725 quod
348 1644 410 1727 ipsi·
424 1646 485 1703 n'on
501 1644 620 1704 iaciunt·
637 1645 805 1704 Gratiarum
826 1644 902 1703 ectio
923 1642 1072 1704 ordincrid
1089 1646 1143 1722 per
1175 1640 1177 1643 ’

133 1734 282 1809 integrum
302 1728 405 1790 boram
420 1728 528 1788 durare
541 1728 682 1803 deberet3
697 1729 749 1786 fiat
764 1727 867 1787 saltem
890 1745 944 1805 por
963 1727 1139 1798 dimidiam.

133 1818 168 1878 in
190 1816 248 1894 qua
273 1814 369 1874 eninm
391 1813 422 1873 in
441 1812 567 1871 nmcndo
591 1821 621 1872 ct
646 1810 774 1890 petendo
789 1828 821 1871 se
839 1822 980 1872 exercent.
995 1813 1095 1891 lnquit
1106 1815 1139 1874 S.

137 1899 279 1965 Tun-esto
292 1898 395 1976 ·‚·qubd
415 1906 482 1977 post
506 1899 746 1958 communionem
765 1897 849 1958 lesus
866 1899 965 1959 existit
985 1899 1017 1959 in
1042 1900 1139 1961 animo

133 1991 277 2062 mutinum
299 1984 329 2043 in
349 1981 456 2043 tlrrouo
478 1981 699 2049 misericordior,
723 1991 757 2042 ut
775 1983 819 2042 illi
841 1984 948 2062 gratiss
959 1983 1138 2062 elargiatur,

134 2069 255 2129 iliceos:
272 2065 351 2142 Quid
366 2064 412 2127 uis
424 2109 432 2137 ‚
444 2073 480 2126 ut
495 2065 550 2127 tibi
563 2063 674 2146 facicm
684 2072 700 2124 ?
712 2069 748 2126 Et
761 2067 830 2128 olibi
848 2089 856 2127 r
876 2070 944 2129 Post
957 2070 1141 2130 communio·

133 2172 205 2214 nem
233 2171 293 2212 non
318 2153 486 2210 stulttnmus
510 2160 571 2210 tam
592 2152 762 2229 praeclurom
784 2154 1033 2232 opportunitatem
1050 2173 1140 2234 nego·

132 2236 239 2299 tioudi.
252 2239 319 2296 Nou
335 2236 409 2294 solet
422 2234 523 2294 diuina
538 2235 672 2311 majestas
687 2235 763 2298 mole
776 2239 938 2317 rependere
956 2237 1117 2316 hospitium
1129 2282 1139 2310 ‚

132 2323 158 2382 si
172 2320 248 2381 bone
262 2320 294 2380 in
313 2321 409 2381 oninrn
426 2320 601 2398 excipiatur.
618 2322 750 2379 lusiuuet
763 2323 872 2390 etium,
894 2333 927 2382 ut
938 2322 1042 2401 soepir'rs
1053 2323 1140 2400 spiri·

132 2405 254 2469 tucliter
271 2404 469 2464 communicet
492 2424 501 2463 r
525 2422 591 2480 quae
613 2423 661 2463 res
681 2404 801 2465 volded
825 2406 998 2465 Tridentino
1011 2405 1140 2466 Concilio

133 2487 369 2551 commendatur.
383 2483 589 2566 Spiritoolr'ter
599 2488 813 2548 corrroruoicore
823 2488 931 2565 (inquit
942 2491 973 2550 S.
993 2485 1140 2564 ubercota)

133 2581 177 2634 est
188 2568 273 2632 valde
298 2566 379 2632 utile.
394 2567 493 2631 Nolite
509 2570 541 2632 id
552 2572 775 2651 pretermittere
786 2594 797 2631 .·
810 2570 858 2633 bic
873 2571 952 2634 euim
977 2570 1142 2649 experietur

132 2656 285 2719 Dominus
304 2653 530 2735 quantbmecm
546 2655 662 2716 curretis.

130 2830 161 2913 ς.
177 2830 217 2894 tt.
228 2828 387 2895 maurotus
403 2829 474 2894 vitoe
484 2849 540 2912 pro
552 2826 657 2912 atiquo
669 2825 795 2890 moniali
802 2844 870 2909 quc
879 2836 1042 2909 reposceret
1050 2828 1142 2912 diripi

452 2932 509 2996 pet·
522 2915 605 2977 eiam
616 2911 817 2997 perfectionis.

174 3095 363 3225 tlibAurs
385 3159 486 3221 onnia
507 3159 689 3237 promittere
713 3166 832 3238 oportet
851 3178 906 3229 cn,
926 3175 993 3236 qum
1017 3156 1141 3219 inieritis

133 3262 303 3324 exponam,
331 3241 520 3319 intelligendu
545 3261 628 3315 esse,
650 3245 765 3322 quoties
790 3262 850 3305 non
873 3242 968 3304 obstet
986 3242 1140 3317 poeuitentl

131 3329 255 3408 oliquod
276 3329 524 3407 impedimentum
543 3328 702 3400 sanitatis,
727 3329 839 3400 officii,
865 3337 917 3386 eut
938 3326 1137 3388 obedientie:

133 3412 217 3493 quod
232 3414 323 3472 etiam
336 3410 561 3490 intelligendum
576 3423 620 3473 est
635 3431 704 3472 cum
722 3412 840 3472 licentio
854 3411 948 3469 Putris
959 3410 1138 3488 spiritualis,

133 3498 268 3559 cleliam
282 3497 420 3556 Praesulis
432 3497 622 3572 monosterii,
639 3515 695 3574 pro
710 3513 745 3556 eo
761 3496 840 3575 quod
860 3504 969 3573 spectat
981 3496 1141 3562 mortifica·

133 3583 232 3649 tiones
246 3589 384 3644 externas
397 3598 463 3659 quoe
479 3579 605 3643 aliorum
621 3579 713 3667 oculis
728 3590 798 3647 sunt
817 3579 970 3723 expositp3
