2642 4167
174 231 228 293 tlt
452 226 566 289 Prasia
581 222 766 310 mosanarii.
781 224 855 305 Cap.
871 223 902 283 9.
964 215 970 220 ’
1055 224 1059 231 ’

171 335 322 412 operatur.
336 326 511 390 Recolbctio
523 326 595 389 rard
614 321 852 408 supernaturalia
862 329 907 384 ast
922 321 990 395 iila,
1004 329 1094 402 quana
1106 336 1182 401 ope·

144 453 146 458 ·
169 427 252 478 ratur
271 418 350 477 Deus
373 413 538 474 ministeriu
562 413 715 492 oujrrsdaau
737 413 840 491 gratiae
862 407 1125 481 extraordinaria,
1144 414 1180 468 et

169 520 223 580 per
235 519 324 580 quam
337 502 416 559 Deus
433 499 554 559 collocat
571 500 701 577 animam
712 498 743 557 iu
756 505 833 557 statu
846 495 959 575 passivo
970 516 979 567 ς
992 495 1033 554 ita
1043 502 1077 554 ut
1086 493 1180 555 recol·

169 589 255 648 leutio
276 582 528 664 supernaturalis,
551 603 601 645 scu
627 584 742 659 inlusa,
768 590 839 641 tunc
869 578 991 659 proprie
1011 576 1176 649 habeatur,

169 671 288 750 quando
307 671 440 730 collectio
456 670 656 748 potentiarum
668 686 728 727 non
740 668 839 726 evenit
852 665 941 744 opera
954 663 1046 741 ipsius
1056 664 1177 733 anirum,

169 756 220 816 sed
244 755 388 815 beneficio
405 754 496 824 lucis,
510 771 599 833 quum
622 755 702 812 Deus
719 751 868 821 infundit,
887 755 917 809 et
936 747 1178 827 perquamexci·

170 849 251 900 tatur
270 841 301 900 in
325 840 421 899 anima
438 856 562 917 magnus
580 846 610 897 et
630 835 775 897 sensibilis
797 851 880 893 amor
908 833 1040 892 divinus.
1062 835 1096 918 ln
1118 830 1178 891 laoo

169 932 246 985 statu
265 942 324 984 non
342 931 388 983 est
406 924 534 1001 cogenda
549 923 646 981 anima
667 921 704 980 ad
722 917 963 999 suspendendum
980 916 1177 996 tranquillum

169 1026 237 1070 ottm
253 1009 435 1078 discursum,
453 1024 542 1086 quem
563 1005 640 1067 forte
660 1007 687 1065 ei
706 1006 757 1064 lux
776 1006 836 1082 ipsa
850 1003 978 1062 suaviter
991 1003 1175 1062 insinuaret:
1268 1060 1276 1064 -

169 1091 420 1171 quomadmodtim
446 1111 500 1153 neo
524 1092 612 1154 debet
631 1090 804 1150 incrambere
824 1087 1051 1149 considerationi
1073 1104 1178 1148 rerum

169 1179 409 1256 portionarium,
424 1184 476 1236 aut
494 1175 790 1237 determinationibus
803 1192 875 1251 quas
888 1174 966 1251 ualet
983 1173 1106 1232 allicere.
1116 1174 1178 1233 Nee

170 1262 256 1323 debet
276 1260 420 1322 curiosiirs
438 1262 615 1339 investigare
633 1260 776 1338 quidnam
800 1261 839 1319 sit
858 1258 982 1318 interior
1002 1275 1037 1317 ea
1055 1255 1177 1336 spiritais

170 1347 356 1407 recollectio:
380 1346 431 1406 sed
452 1347 528 1406 sinat
547 1364 578 1405 sc
597 1345 686 1423 dirigi
702 1344 720 1404 b
744 1346 806 1403 Deo
827 1341 864 1402 ad
883 1341 1107 1402 considerandas
1128 1359 1177 1402 res

170 1431 251 1502 illus,
264 1433 387 1509 illosque
404 1441 486 1492 actua
505 1432 652 1492 iaciendos
666 1472 674 1502 ‚
689 1429 727 1489 ad
747 1447 821 1507 quos
836 1446 868 1488 se
887 1430 980 1507 magis
992 1426 1010 1488 b
1022 1429 1084 1488 Deo
1105 1426 1177 1488 ierri

170 1517 331 1593 cognoscit.
1161 1566 1164 1575 ,

211 1601 279 1660 tbi.
293 1599 443 1659 Sooundus
465 1600 573 1678 gradus
585 1607 630 1659 est
641 1597 758 1680 quictis.
773 1599 807 1658 ln
821 1596 1029 1659 recollectione
1039 1597 1083 1656 vis
1094 1615 1177 1658 amo·

170 1685 212 1743 ris
230 1684 470 1744 communicatur
483 1682 657 1743 -immediatd
676 1684 809 1742 sensibus
831 1683 979 1754 externis,
1002 1701 1076 1760 quos
1099 1684 1179 1742 Deus

172 1769 236 1848 ipse
255 1770 333 1829 intra
354 1771 483 1828 animaru
499 1770 566 1829 iacit
586 1769 733 1853 colligare.
749 1767 805 1827 Sed
828 1767 858 1828 in
881 1768 980 1845 quiete
995 1786 1078 1828 amor
1097 1785 1178 1828 com·
1243 1786 1245 1791 ’

172 1853 343 1912 municatnr
369 1851 538 1913 immediate
570 1853 688 1933 spiritui
709 1853 740 1929 in
771 1852 835 1930 ipso
850 1853 965 1911 'animae
989 1862 1089 1912 centro
1114 1873 1123 1912 ε
1147 1861 1202 1912 et-

172 1954 255 1996 omor
269 1939 330 2014 ipsc
347 1947 390 1997 est
402 1938 569 2014 ardentior,
590 1940 640 2016 qui
655 1937 762 1998 deinde
778 1937 914 1998 etiamad
933 1955 1033 1996 sensus
1043 1945 1179 1997 externos

171 2019 373 2082 diffunditur:
392 2020 447 2079 hoc
468 2021 539 2082 verb
556 2040 616 2082 non
630 2041 747 2100 sempor
764 2043 772 2081 a
793 2023 873 2082 unde
889 2023 1038 2083 multoties
1053 2021 1175 2094 accidit,

171 2104 252 2185 qubd
262 2107 358 2164 anima
374 2104 477 2165 haheat
488 2108 650 2167 orationem
667 2108 792 2185 quietis,
806 2107 856 2167 sed
870 2107 933 2166 sine
953 2108 1011 2166 ulla
1024 2106 1178 2168 dulcedine

170 2188 313 2250 sensibili.
327 2192 405 2250 Dicit
421 2193 452 2252 S.
472 2191 609 2252 Therasia
620 2192 670 2269 (ln
698 2191 761 2252 vito
778 2211 803 2251 c.
819 2192 881 2271 tt.)
898 2191 975 2270 qubd
991 2193 1021 2251 in
1039 2191 1092 2251 hac
1112 2209 1179 2251 ora·

171 2276 334 2335 tione'non
357 2276 577 2355 suspenduntur
601 2295 703 2336 onmes
722 2278 884 2354 potentiae:
904 2275 1094 2354 suspenditur
1111 2276 1179 2354 qui·

171 2359 238 2420 dom
253 2361 405 2432 voluntas,
420 2368 450 2420 ct
466 2371 599 2421 remanet
615 2371 765 2440 tamquam
779 2362 884 2441 ligata,
899 2362 967 2439 quia
981 2371 1051 2420 tune
1061 2361 1179 2421 nullum
1214 2415 1216 2417 ,

172 2444 252 2507 aliud
270 2444 418 2522 objectum
434 2454 543 2524 praeter
562 2447 656 2505 Deum
672 2446 750 2506 t‘alet
766 2447 946 2524 amare‚qui
966 2463 1030 2505 eam
1048 2446 1104 2504 sibi
1124 2454 1179 2504 tra·

171 2528 295 2607 lrit3sed
318 2531 549 2603 intellectus„et
569 2532 731 2604 memoria,
753 2541 804 2591 aut
829 2531 978 2609 phantasia
1000 2529 1178 2609 quandoque

171 2623 326 2676 remanent
352 2615 471 2685 liberm,
498 2624 529 2675 ct
557 2614 615 2675 lrdu
643 2614 772 2693 illucque
801 2625 972 2675 excurrunt.
993 2614 1075 2674 Unde
1105 2615 1179 2675 dicit

172 2701 274 2760 Sancta
289 2699 414 2778 (Comen.
429 2698 463 2759 oa·
470 2695 581 2782 persea.
595 2718 628 2780 p.
638 2700 720 2778 aot.)
732 2701 861 2760 animam
879 2701 916 2758 de
930 2698 985 2759 hoc
997 2717 1055 2758 nou
1069 2697 1179 2759 debere

172 2785 304 2849 tristaris
321 2783 427 2845 Rideat
443 2784 566 2863 (inquit)
584 2784 618 2844 dc
629 2801 686 2844 auo
710 2785 882 2866 capitatione
894 2827 902 2857 ‚
913 2781 1054 2864 illamque
1064 2781 1180 2845 deserat

171 2865 265 2930 ueluti
286 2866 424 2945 stultum,
445 2876 474 2927 et
495 2877 613 2929 moueat
637 2872 673 2929 ie
692 2887 749 2930 suo
770 2871 864 2950 quiete
882 2892 893 2929 .·
913 2875 942 2930 ct
958 2867 1024 2928 adua
1040 2865 1179 2930 uoluntas

171 2953 214 3016 tit
231 2951 375 3027 domina,
399 2954 468 3033 ipso
494 2952 698 3033 capitationem
721 2953 762 3015 od
781 2971 811 3015 ac
834 2952 967 3026 reducet,
984 2951 1091 3035 absque
1117 2948 1200 3015 ullo

172 3045 267 3098 beabo
284 3035 391 3099 laboro.
409 3036 495 3111 Qubd
514 3040 539 3096 si
552 3039 649 3098 anima
672 3040 745 3098 volit
765 3057 797 3099 se
815 3040 962 3117 applicare
984 3036 1021 3095 ad
1040 3038 1181 3116 colligen-

172 3123 240 3182 dam
251 3123 473 3201 cogitationem,
487 3120 563 3181 nihil
580 3122 702 3184 omuino
719 3133 803 3201 aget,
818 3130 848 3182 et
857 3141 939 3181 suam
949 3122 1079 3200 quietem
1092 3122 1181 3183 amit·
1262 3178 1264 3181 ,

174 3217 226 3266 tet.
247 3209 283 3267 ln
297 3205 353 3266 hoo
372 3216 449 3266 statu
474 3205 569 3266 multia
589 3206 688 3268 minias
704 3207 792 3286 quina
815 3208 846 3267 iu
864 3207 1069 3266 recollectione
1081 3206 1180 3268 anima

174 3291 262 3351 debet
285 3308 317 3350 sc
343 3291 490 3370 applicare
515 3290 552 3350 acl
573 3291 717 3352 iaciendas
737 3292 1015 3362 determinationes,
1030 3299 1081 3350 aut
1107 3290 1180 3352 alios

109 3426 115 3441 ,
174 3383 256 3435 actius
267 3394 303 3434 ex
316 3394 346 3434 se
359 3376 420 3455 ipsa
432 3375 629 3436 emendicatos
642 3397 650 3434 ε
665 3395 714 3436 eos
727 3376 932 3437 tantummodo
943 3375 1045 3449 iaciat,
1056 3374 1094 3434 ad
1107 3391 1181 3452 quos

172 3476 207 3517 ae
221 3460 312 3518 sentit
323 3458 408 3519 ltDeo
427 3463 555 3520 suaviter
566 3460 691 3538 impelli.

215 3541 284 3598 tau.
306 3541 442 3601 Dicamus
469 3562 548 3604 nunc
568 3545 663 3621 aliqua
688 3545 726 3605 do
747 3546 881 3607 oratione
903 3561 986 3624 purae
999 3541 1181 3622 contempla·

178 3620 286 3692 tionis,
309 3622 419 3683 scilicet
437 3625 475 3686 dc
492 3629 738 3707 contomplatione
763 3630 897 3710 negativa
920 3624 1055 3707 superius
1083 3644 1182 3689 enun-
