2642 4167
163 250 221 310 280
356 212 977 328 Epitomcdoetriuoecaerulisetcuuom'eu

164 354 318 428 praesentat
342 364 410 427 pars
422 347 536 425 maior,
553 365 614 408 nou
636 349 801 424 reperiatur
817 346 961 415 idoneus,
976 347 1172 424 poteritaltee

163 433 333 510 presentari
349 430 366 492 i
380 432 586 512 paucioribus,
602 440 636 489 ut
649 449 686 491 ex
696 429 883 491 lambertiuo
896 429 1023 489 traditur
1042 434 1086 492 De
1096 434 1169 510 Syn.

164 519 251 578 dioee.
268 518 289 578 l.
303 520 350 577 ll.
363 536 388 577 e.
410 519 441 578 7.
456 536 487 578 u.
502 519 532 576 o.
545 515 651 576 Valere
675 523 775 575 tamen
788 514 918 592 judicata
941 525 985 574 est
1000 517 1171 578 constitutio

163 602 310 682 synodalis
324 604 457 682 Episcopi
472 602 706 681 Panapttonensis
716 645 724 673 ‚
735 619 802 678 quae
812 600 906 659 vetuit
917 600 1031 661 admitti
1044 620 1172 680 praesen·

164 695 258 747 tutum
272 686 288 747 8
305 688 413 747 minori
429 696 530 766 parte,
544 686 583 746 olr
594 685 722 746 rationes
739 686 771 745 in
784 692 911 747 tractatu
922 684 960 746 de
970 686 1090 765 Synodo
1104 688 1172 747 dicre

164 789 265 832 cesana
282 771 456 850 ponderatas
466 817 476 847 ,
488 772 509 833 l.
526 773 575 832 ta.
586 786 649 847 cup.
660 771 692 830 7.
708 788 740 831 n.
754 771 785 830 o.

202 870 380 935 Beneficium
399 874 524 951 simplex
535 873 560 932 si
572 873 638 951 quis
651 870 799 939 obtineat,
812 888 868 932 nee
884 869 1009 932 sufficiat
1024 872 1174 936 odhones
1202 924 1205 957 ;

163 969 223 1020 tam
242 959 287 1019 sui
299 959 561 1028 sustentationem,
577 964 675 1035 potest
694 957 731 1016 ab
744 956 886 1035 Episcopo
897 955 1046 1017 habilitari
1060 958 1098 1018 ad
1110 978 1173 1021 sus·

164 1043 334 1119 cipiendum
355 1042 450 1103 aliud.
472 1043 501 1102 Si
528 1040 600 1102 vcrd
619 1059 672 1101 nce
693 1040 772 1101 istud
793 1039 955 1100 secundum
977 1041 1117 1111 sufficiat,
1140 1053 1174 1103 ut

165 1128 288 1186 tertium
307 1127 459 1198 obtineat,
474 1125 587 1187 debeat
600 1126 676 1186 Sede
687 1125 851 1202 Apostoliri
862 1124 1109 1203 dispensationem
1121 1128 1174 1188 ob·

165 1211 278 1283 tinere,
296 1210 433 1295 sirephoc
453 1211 575 1272 tertium
588 1212 626 1271 sit
650 1211 752 1271 liberae
768 1208 955 1281 collationis,
972 1210 1034 1270 sive
1049 1209 1086 1269 de
1105 1210 1173 1287 jure

164 1296 336 1372 patronatris
351 1287 439 1356 etiam
451 1297 538 1371 laici3
561 1313 630 1356 nam
644 1296 732 1356 Cone.
747 1292 831 1353 Trid.
847 1293 998 1370 permisit,
1014 1304 1048 1353 ut
1063 1296 1174 1356 hahens

166 1378 334 1458 berceficium
357 1377 537 1461 insufficiens
557 1381 648 1458 possit
668 1395 761 1439 unum
778 1377 858 1437 aliud
871 1379 995 1456 simplex
1015 1379 1178 1450 obtinere„
1207 1444 1211 1454 x

166 1474 196 1524 et
210 1463 284 1525 nihil
300 1466 371 1526 dicit
382 1466 419 1526 de
435 1467 533 1526 tertio.
545 1467 641 1543 Atque
653 1465 694 1524 ita
710 1465 739 1523 in
752 1465 834 1541 praxi
845 1463 945 1527 tenere
954 1466 1034 1526 Sace.
1045 1465 1174 1546 Congre-

168 1551 316 1627 pationem
337 1561 462 1611 constat.
473 1550 568 1611 instit.
580 1551 687 1610 Eccles.
707 1550 757 1607 ill.
772 1566 804 1607 ιι.
817 1548 847 1609 7.

207 1651 274 1711 lieo
289 1660 386 1711 tamen
405 1668 465 1712 nou
491 1650 590 1710 valent
609 1651 642 1710 in
660 1648 838 1727 capellaniis
856 1647 895 1709 de
913 1646 983 1724 jure
1004 1649 1176 1725 patronatus

168 1737 331 1808 luteorum,
344 1754 440 1814 neque
455 1736 487 1797 in
499 1736 601 1814 legatis
614 1735 688 1815 piis,
703 1743 737 1795 ut
749 1751 786 1794 ex
797 1734 857 1794 alio
868 1734 987 1796 decreto
1000 1735 1176 1796 &eradon-

168 1823 357 1902 pregationis.
370 1821 447 1881 lbid.
461 1840 493 1881 n.
504 1822 536 1882 8.

184 1979 188 1987 ,
206 1918 248 1975 Ex
260 1916 318 1975 alio
329 1914 446 1974 decreto
458 1915 553 1975 Sacra
565 1914 823 1994 Congregationis‚
837 1913 875 1974 de
884 1932 944 1992 quo
958 1912 1088 1990 ibidem,
1101 1915 1179 1975 erui·

167 2007 236 2067 tur,
255 2018 316 2059 non
340 2017 402 2059 esse
424 1998 630 2077 inquietandos
657 2000 741 2081 illos,
762 2001 815 2077 qui
838 1998 914 2060 bona
943 1998 1001 2058 lide
1026 2001 1102 2072 tria,
1128 2001 1177 2061 vel

168 2093 295 2176 quatuor
313 2082 453 2225 blcelppllicia
471 2082 678 2145 insufficientia
701 2101 738 2146 cx
752 2084 889 2165 Episcopi
908 2084 1086 2144 auctoritate
1099 2084 1179 2145 obti-

170 2173 313 2226 uursscnt.
364 2167 372 2224 i
398 2208 407 2224 .

205 2256 279 2318 Ciam
294 2257 472 2318 beneficium
483 2257 665 2336 resignatum
689 2260 827 2322 fueritin
847 2277 953 2321 manus
964 2262 1117 2340 Episcopi,
1129 2264 1178 2323 vel

169 2343 334 2414 collatoris,
361 2361 420 2404 non
438 2352 560 2422 possunt
588 2344 637 2403 isti
658 2344 817 2422 providere
840 2346 879 2406 de
902 2345 1011 2406 eisdem
1030 2345 1178 2406 beneficiis

170 2428 410 2506 consumimus,
426 2427 585 2502 affinibus,
605 2429 654 2488 vel
674 2429 870 2493 familiaribus
882 2431 961 2504 suis,
985 2439 1020 2490 ut
1033 2447 1072 2491 ex
1094 2429 1178 2491 Bulla

170 2514 219 2574 88.
233 2513 264 2573 S.
277 2511 330 2574 Pii
347 2515 383 2575 V.
399 2512 474 2573 lbid.
488 2531 519 2571 n.
532 2513 564 2571 9.
1144 2546 1146 2553 .

206 2606 286 2680 Quin
305 2604 511 2684 nequcaffines
523 2606 749 2685 ‚consanguinei
760 2651 769 2677 ‚
780 2613 811 2667 et
826 2607 987 2668 familiares
1001 2608 1180 2686 resignantis

77 2678 81 2684 ¹
169 2689 430 2762 contradebant,
450 2692 541 2750 etiam
561 2689 629 2751 cium
653 2690 831 2751 beneficium
859 2691 1070 2753 conserendum
1088 2699 1134 2750 est
1147 2691 1179 2750 in

169 2790 312 2835 concursu
326 2796 335 2850 3
356 2773 454 2852 primo
471 2776 539 2852 quia
560 2776 643 2835 Bulla
657 2777 690 2834 S.
706 2775 758 2837 Pii
767 2819 776 2847 ‚
794 2794 860 2854 quae
874 2774 1181 2853 legitAdoaittcutium

170 2858 417 2940 consemineis,
438 2856 578 2923 mendose
601 2877 705 2918 excusa
732 2867 795 2935 est,
812 2858 881 2919 ciam
907 2861 1065 2937 legendum
1090 2859 1181 2918 luerit

169 2941 391 3003 Dimittendum
402 2941 643 3023 eonsunpuintis,
654 2952 687 3003 ut
697 2952 797 3003 monet
805 2945 894 3022 fagn.
907 2944 938 3003 in
950 2962 1013 3020 cap.
1022 2944 1092 3003 Non
1101 2942 1182 3014 sine,

168 3024 203 3086 de
217 3024 349 3087 arbitris.
365 3027 520 3097 Secundo,
538 3028 606 3104 qula
621 3046 695 3086 sacr.
710 3027 853 3104 Congreg.
865 3027 1027 3105 disposuit,
1041 3037 1075 3087 ut
1088 3029 1122 3087 iu
1141 3044 1188 3088 eo·

169 3128 236 3170 casu
252 3128 348 3188 neque
361 3110 517 3169 familiares
530 3112 665 3190 Episcopi
676 3157 684 3182 ‚
696 3129 791 3187 neque
802 3111 1010 3188 consanguinei
1025 3113 1181 3190 resignan-

168 3195 206 3253 tis
221 3193 461 3254 admitterentur.
473 3193 549 3254 ibid.
565 3211 649 3254 uum.
662 3196 710 3255 ll.
724 3196 768 3254 De
780 3193 892 3272 Synod.
905 3194 992 3255 dioec.
1004 3193 1024 3252 l.
1044 3196 1093 3254 15.
1115 3211 1181 3272 cap.

170 3278 219 3337 at.
233 3297 265 3339 n.
283 3281 314 3339 2.

208 3379 391 3441 Benietameu
404 3398 507 3440 omues
518 3381 567 3440 isti
578 3379 694 3440 admitti
704 3380 740 3441 ad
751 3380 928 3441 beneficium
937 3388 1059 3459 pos'sunt
1069 3423 1077 3452 ‚
1087 3396 1185 3457 quan·

170 3461 209 3521 do
221 3463 293 3522 illud
308 3463 411 3523 cecidit
428 3466 459 3523 in
474 3483 579 3524 manus
595 3465 730 3541 Episcopi
746 3483 801 3543 per
823 3465 939 3525 obitum
958 3465 1068 3542 prioris
1091 3463 1183 3523 boue·

170 3542 258 3603 liciati
272 3566 281 3618 3
295 3564 391 3622 neque
415 3548 497 3606 enim
517 3557 633 3608 tanturn
652 3549 722 3607 mali
741 3549 841 3609 timeri
862 3557 979 3626 potest,
1000 3546 1069 3607 cuim
1090 3547 1184 3607 bene·

171 3620 271 3683 licium
285 3629 499 3687 conserendum
510 3642 554 3690 est
568 3649 603 3690 ex
615 3631 698 3690 obitu
710 3631 893 3707 beneficiati,
908 3642 1051 3710 quantum
1063 3630 1184 3691 subesse
