2642 4167
173 204 228 266 llo
363 199 499 282 Epa'torar
512 199 651 263 doctriua
663 197 785 262 ator-atta
797 207 823 262 el
834 206 980 264 castanieta

73 321 77 331 ·
172 306 216 365 vis
227 304 285 364 alio
298 303 420 363 nomine
432 321 464 363 se
473 304 617 382 sacrilegii
632 298 729 381 gravis
738 320 805 364 reos
815 309 979 364 statuerent
989 318 1001 375 ,¹
1012 304 1082 364 ciam
1095 322 1175 367 saera

171 385 318 449 ordinatio
330 386 395 447 fiori
411 388 588 467 plerumque
599 405 659 447 non
678 387 787 454 soleat,
804 404 858 445 nee
877 387 1063 465 possitnextra
1074 391 1177 449 missa·

172 489 240 533 rum
265 471 426 539 solemnia,
449 472 480 530 in
507 471 615 548 quibua
634 488 735 531 recens
755 471 862 531 initiali
888 471 969 530 saort
995 471 1176 534 Eucharistid

172 554 364 633 participant,
379 556 426 615 eui
441 555 663 614 irreverentiam
679 570 798 632 gravem
810 556 953 631 irrogaret
961 555 1030 625 illc,
1045 556 1097 632 qui
1109 575 1177 616 com

172 640 347 701 musciculid
365 639 462 717 graiis
484 640 593 716 peccati
614 638 651 697 ad
683 652 748 697 cam
771 638 984 716 suscipiendam
1014 638 1174 700 accederet.

132 736 143 781 ’.
173 725 218 785 De
228 723 340 802 Synod.
352 722 437 783 dioc.
452 723 474 783 1.
487 726 518 785 il.
531 742 557 781 e.
567 725 597 783 E.
615 740 669 800 pcr
681 732 787 782 totum.

136 826 141 833 ·
212 809 387 868 Denattcrid
407 807 497 884 ltulos
514 808 687 868 sacramenti
706 806 839 867 dubietas
859 806 1013 867 intercedit
1023 808 1072 885 (dc
1084 827 1178 871 sacer-

135 916 140 922 ·
175 893 275 962 dolio,
287 893 453 970 episcopatu
464 936 472 956 ,
483 902 513 952 et
532 892 687 951 diaconatu
701 909 748 950 res
758 891 813 968 cst)
828 888 901 950 niam
918 891 950 950 in
965 896 1179 954 instrumento·

174 997 243 1042 rum
263 977 440 1045 traditione,
460 975 533 1037 niam
557 976 628 1036 verb
653 976 684 1034 in
709 974 896 1052 impositione
923 994 1083 1047 manuum,
1107 978 1179 1040 niam

174 1062 292 1125 tandem
313 1061 345 1120 in
368 1060 493 1137 utrique
509 1060 599 1119 simul
619 1060 780 1119 consistat?
793 1060 870 1132 Quin
889 1069 920 1118 et
939 1060 976 1119 dc
992 1061 1181 1138 impositione

176 1160 316 1207 manarum
331 1144 414 1204 dubii
434 1143 599 1218 lueremus3
621 1145 697 1203 trina
717 1152 762 1202 est
780 1145 870 1203 cuim.
886 1146 927 1202 Er
948 1162 1007 1221 quo
1027 1146 1082 1213 tit
1100 1148 1133 1205 ut
1156 1149 1179 1206 si

175 1232 206 1291 in
222 1230 322 1307 aliquo
335 1229 570 1288 rerumartieulo
581 1229 678 1288 omitti
687 1227 799 1304 aliquid
811 1228 984 1305 contigerit,
995 1244 1029 1287 ex
1039 1247 1159 1308 respon
1156 1250 1181 1290 o

176 1317 207 1375 S
220 1315 252 1374 C.
267 1322 382 1372 censeat
394 1313 547 1381 Pontifex,
562 1322 596 1372 ut
611 1313 699 1372 simol
712 1321 771 1371 tota
786 1311 999 1371 ordinatiosub
1011 1315 1181 1411 conditione

76 1416 80 1421 ·
176 1399 312 1460 iteretur
324 1399 366 1457 Dc
379 1398 450 1475 Syn
461 1398 579 1459 diceres.
593 1398 646 1456 lib.
661 1400 690 1458 8.
705 1414 771 1474 cap
787 1398 835 1456 10.

215 1485 250 1544 ln
266 1481 559 1553 denuntiationibus,
580 1500 653 1560 quas
674 1481 807 1559 plerique
828 1480 961 1577 Episcopi
981 1483 1181 1544 ordinationes

177 1583 271 1629 sacras
290 1567 393 1627 inituri
412 1584 466 1646 per
480 1565 717 1627 archidiaconum
735 1583 821 1625 saraim
834 1567 1020 1642 praernittuut
1031 1612 1040 1634 ,
1052 1586 1112 1627 saae
1127 1569 1184 1628 sri-

178 1654 246 1715 liaet
256 1666 316 1713 noo
329 1669 392 1712 esse
408 1654 598 1726 intentionis,
613 1652 680 1712 illos
699 1652 855 1731 ordinare,
869 1651 921 1728 qai
944 1654 1182 1730 irregularitate,

177 1740 350 1818 ceterisque
371 1740 517 1799 canonicis
531 1739 748 1817 impedimentis
766 1746 905 1796 tenentur
918 1758 927 1810 ς
941 1740 1048 1798 troicus
1058 1741 1187 1818 plerum·

177 1842 236 1902 que
251 1834 296 1885 eat
311 1843 433 1903 scopus,
445 1834 478 1883 ut
493 1825 536 1884 sic
548 1826 665 1884 vitiatos
681 1826 867 1896 deterreant3
879 1822 955 1883 scrib
969 1833 1067 1885 tamen
1080 1827 1185 1884 volunt

178 1910 344 1986 quemlibet
360 1911 415 1969 sibi
433 1910 619 1988 propositum
633 1925 813 1968 consecrare.
833 1908 935 1985 Neque
952 1910 1032 1968 enim
1046 1911 1184 1970 censendi

177 2001 249 2053 suot
265 1995 309 2055 rel
326 1995 423 2072 gravis
437 1995 545 2071 peceati
568 2011 600 2053 se
616 2012 683 2053 reos
703 1991 945 2071 saraeraptant
964 1996 1118 2054 contraria
1132 2013 1185 2054 ro-

179 2079 285 2138 luntoti
305 2079 476 2138 insistendo.
489 2077 703 2137 Citrnmissuros
723 2078 803 2153 enim
818 2078 1094 2156 gravcmeulpam,
1114 2081 1137 2138 si
1153 2079 1186 2137 id

178 2162 347 2229 voluerint,
365 2178 468 2219 omnes
482 2160 620 2220 latentur.
636 2163 742 2219 Censet
762 2171 859 2220 tamen
878 2162 1011 2220 Pontifex
1033 2173 1183 2239 praestare,

180 2253 214 2304 ut
229 2263 261 2305 ea
278 2243 462 2304 denuntiatio
474 2244 646 2315 ottrittatur,
661 2251 749 2320 atque
764 2247 840 2304 intra
854 2245 927 2305 fines
941 2246 1025 2304 edicti
1037 2289 1045 2314 ,
1056 2247 1134 2323 quod
1148 2248 1184 2305 in

181 2330 343 2390 Pontificali
358 2331 490 2388 Romano
510 2325 656 2397 habetur,
667 2330 810 2428 Episcopi
832 2348 894 2388 sese
908 2332 1084 2390 contineant.
1102 2333 1134 2389 ln
1147 2350 1186 2390 eo

180 2416 262 2476 enim
283 2415 377 2474 edicto
403 2413 458 2473 sub
488 2414 798 2474 excommunicationis
826 2417 913 2492 poead
934 2419 1121 2495 praecipitur,
1146 2436 1187 2476 nc

180 2500 247 2581 quis
270 2499 410 2559 canonico
435 2498 571 2557 detentus
588 2497 798 2574 impedimento
817 2501 953 2559 accedere
976 2501 1090 2560 autlcat.
1107 2502 1186 2560 lbid

181 2585 264 2644 oll.
277 2580 751 2658 Videctiamdehdcquaestionc,
766 2583 907 2642 desiterii.
920 2586 1000 2642 miss
1016 2585 1069 2644 i.''
1051 2604 1081 2644 a.
1094 2605 1121 2645 c
1133 2587 1187 2646 10.

219 2667 299 2727 Sacri
319 2664 389 2726 verb
403 2667 520 2726 ordines
540 2668 616 2724 intra
640 2667 794 2725 missarum
813 2669 953 2727 solemnia
977 2687 1030 2727 nec
1049 2668 1085 2727 ab
1105 2669 1188 2741 alio,

181 2752 270 2833 quim
290 2753 327 2811 ab
347 2755 487 2831 Episcopo
506 2752 662 2811 ordinante
679 2753 872 2822 celebrando,
897 2754 1067 2814 conserendi
1091 2764 1187 2823 sunt,

182 2849 216 2900 ut
238 2855 322 2897 reum
350 2853 381 2894 se
400 2836 607 2912 gravis‘colpoe
633 2836 791 2912 Episcopus
813 2838 1022 2911 constitueret,
1051 2840 1101 2915 qui
1128 2839 1191 2897 alio

181 2922 331 2983 sacerdote
344 2921 507 2980 celebrante
527 2920 590 2997 ipse
607 2920 727 2979 interim
741 2939 830 2979 sacras
848 2921 1040 2980 ordinationis
1056 2923 1191 2981 nrinistc·

182 3012 261 3072 rium
277 3014 443 3085 prestaret,
455 3007 565 3066 ualeret
586 3014 685 3065 lamen
704 3006 859 3067 ordinatio.
877 3010 921 3066 De
932 3009 1003 3084 Syn.
1022 3007 1109 3067 dioec.
1122 3008 1142 3066 l.
1157 3000 1205 3068 8.

182 3094 270 3154 eli.
285 3109 317 3150 n
331 3092 359 3149 tl.
374 3091 448 3149 etti.

220 3175 419 3242 Beneficium,
433 3174 470 3241 nd
491 3174 706 3250 cujustitnlum
728 3176 845 3236 ordines
868 3179 1079 3249 conseruntur,
1099 3179 1193 3238 debet

183 3267 298 3333 tontum
316 3277 351 3318 ex
371 3258 514 3318 reditibus
525 3259 619 3330 serre,
634 3271 778 3337 (parantum
794 3262 900 3320 sulicrt
913 3263 1056 3321 adelerici
1072 3274 1194 3321 susten-

182 3344 323 3402 tationem
343 3340 493 3401 honestam
507 3341 611 3417 ,jrtxtu
632 3350 728 3403 taxant
750 3345 786 3402 ab
806 3346 947 3422 Episcopo
970 3346 1192 3420 definiendam3

182 3425 319 3484 detractis
334 3434 433 3484 tamen
454 3427 613 3498 oneribus,
628 3446 687 3486 non
704 3439 799 3487 tantan
822 3431 994 3496 missarum,
1008 3431 1113 3488 saltem
1132 3432 1192 3490 nisi

183 3506 269 3566 aliter
281 3508 439 3584 Episcopus
454 3513 598 3568 statuerit.
613 3512 646 3569 st
665 3512 736 3572 verit
756 3514 877 3572 clericus
893 3514 1080 3572 ordinetur
1071 3532 1103 3572 to
1123 3515 1191 3573 loco

183 3583 339 3660 domicilii,
355 3600 385 3648 et
404 3591 578 3651 beneficium
593 3594 753 3656 obtineat
743 3615 775 3656 ιιι
793 3598 847 3657 attat
862 3597 999 3672 (licead,
1011 3606 1083 3656 tunc
1095 3597 1120 3655 si
1138 3597 1190 3655 bc
