2642 4167
376 292 403 374 S.
418 293 456 354 V.
468 288 703 354 Metboduaoitte
713 310 770 373 pro
778 288 915 357 montoir
1087 297 1144 358 139

137 398 366 466 Oledieottaeat
379 391 482 477 rupina
497 391 632 453 omnium
643 392 810 469 uirtutum
820 411 920 455 omnes
932 410 1011 455 ιιιιιιι
1021 396 1145 457 virtuter

136 470 1145 559 οὺαὶίιιιιιοὺιιὶίιιιιιὶι.1118.ΤΙιιιιιιὶιι·Ι)ιιιιιιὸιιιιιίιιιι,1ιω

136 569 198 632 eibi
208 563 364 650 properarit
375 560 462 623 illurn
479 579 601 633 artiore,
618 560 699 622 nibil
713 560 800 624 aliud
807 561 900 662 eripit
910 565 999 645 quim
1012 563 1146 625 obedien·

137 656 226 715 trosn.
251 651 379 711 Perfecta
400 645 472 707 verb
495 647 662 707 obedientia
688 649 820 709 consistit
845 651 878 708 in
898 647 978 718 etit,
997 649 1144 723 fideliter,

136 739 297 805 alacriter
314 743 345 793 et
366 733 431 791 sine
449 731 510 791 ullo
519 730 633 808 judicio
645 732 827 802 obediendo,
840 733 952 794 nullam
964 734 1146 832 exquirendo

136 823 302 887 rationem
320 818 434 896 quoties
453 835 501 876 res
520 815 600 892 jnssa
622 825 683 876 tlon
701 817 741 876 sit
760 816 840 879 certe
857 827 1026 895 peecatum
1041 828 1075 879 ut
1100 819 1146 880 in·

138 905 314 984 (11111188.
328 899 519 976 Bernartius,
532 900 709 961 Franciacue
720 899 866 983 Salanus
879 901 1018 983 Ipnatina
1027 898 1145 982 loyolo,

138 1000 173 1050 ct
188 1006 290 1049 omnes
306 986 467 1066 spiritualis
478 987 548 1046 vita
562 985 713 1062 magistri:
730 996 759 1046 et
774 987 805 1046 iu
824 987 913 1046 rebus
929 985 1026 1047 dubiis
1038 988 1146 1065 eligere

138 1074 173 1136 id
193 1071 275 1145 quod
291 1070 482 1168 praesentitur
508 1070 588 1148 quod
605 1067 739 1145 jussisset
767 1070 955 1148 obedientia3
976 1081 1006 1132 et
1027 1072 1147 1150 quanda

138 1159 204 1219 bac
224 1156 414 1236 presumptio
433 1173 495 1215 non
515 1165 612 1233 posset
628 1152 753 1226 labari,
770 1154 800 1215 id
823 1157 932 1235 eligere
955 1156 1033 1234 quod
1056 1157 1147 1234 magio

109 1258 114 1263 ·
139 1243 249 1305 nostris
274 1241 514 1300 inclinationibus
539 1241 724 1300 adversatur.
757 1242 818 1301 lloc
838 1251 882 1299 est
903 1240 977 1300 illud
1005 1239 1092 1303 Vince
1119 1249 1147 1302 te

102 1340 110 1353 ⁸
139 1327 242 1408 ipsunt
253 1325 340 1385 toties
348 1324 593 1386 inculcatumlS
604 1323 761 1386 Franeiseo
770 1324 922 1399 Xaoerio
935 1325 1005 1386 etS.
1014 1324 1146 1406 lpnatio,

139 1415 195 1489 qni
209 1410 312 1469 solitus
334 1419 398 1468 erat
413 1409 513 1469 dicere
532 1409 619 1487 longe
637 1410 732 1488 pluria
756 1411 900 1488 prolicere
923 1412 1052 1470 animam
1072 1428 1149 1470 mar·

139 1495 311 1555 tibertionis
324 1495 447 1553 amicam
469 1494 557 1554 arnico
570 1493 652 1555 horae
672 1494 854 1597 quadrante,
878 1492 969 1571 quim
994 1494 1064 1553 alias
1085 1511 1146 1555 nou

141 1578 334 1641 mortificatas
346 1596 398 1656 per
410 1579 551 1656 plurimas
565 1577 664 1638 lroras.

182 1666 311 1725 168111.
325 1664 727 1741 attenderesemperdrvrnae
736 1663 910 1743 proesenltae
922 1663 1063 1738 lnquitS.
1080 1659 1150 1723 Tire·

142 1767 245 1818 reato·
237 1792 245 1807 .
263 1752 355 1810 Ontne
372 1748 486 1809 nralnrn
502 1748 655 1830 proveniet
672 1767 709 1810 aa
725 1767 757 1810 eo
773 1745 852 1826 qudd
864 1764 925 1806 ιιοιι
936 1747 1149 1808 contueremur

141 1836 240 1894 Deum
251 1840 434 1913 praesentent.
445 1834 501 1906 Qui
512 1831 581 1892 vare
595 1841 692 1901 amat,
706 1850 858 1909 nunquam
873 1831 1056 1892 obliviscitur
1067 1830 1150 1908 obje-

142 1919 183 1979 111
205 1918 306 1977 amati.
328 1917 372 1976 Ad
390 1917 618 1977 conservandam
641 1917 712 1978 verb
732 1919 908 1977 memoriam
929 1914 1019 1992 hujus
1039 1917 1148 1978 divinae

142 2001 306 2100 praesentiae
315 1999 398 2079 juvat
411 2001 442 2061 in
455 2019 538 2080 praxi
530 2001 671 2078 aliquod
685 2001 844 2079 speciale'
820 2020 938 2080 signum
956 2010 1086 2080 gestare,
1100 2001 1148 2063 vel

142 2089 223 2149 intra
239 2086 406 2147 cubiculum
420 2083 540 2146 babere.
561 2084 688 2147 blaxime
705 2086 775 2148 verd
792 2096 909 2165 oportet
929 2085 1005 2147 banc
1025 2105 1149 2166 praeseu-

141 2174 217 2233 tiam
232 2171 331 2232 lorice
339 2170 471 2248 ,saepibs
487 2172 518 2230 in
530 2169 579 2230 die
591 2172 751 2250 repetendo
771 2181 852 2233 actus
868 2172 977 2233 amoris
990 2172 1022 2233 in
1032 2176 1145 2248 Deum,

143 2268 174 2317 et
190 2256 317 2334 petendo
338 2256 473 2316 divinum
494 2272 637 2322 ιιιιιοιθιιι.
662 2258 696 2316 Ε.
718 2260 751 2319 C
772 2259 850 2318 Deus
869 2276 969 2332 meus,
985 2266 1016 2317 et
1036 2259 1146 2319 omnia

141 2342 271 2421 Diligam
289 2349 322 2401 te
334 2359 371 2401 ex
390 2350 452 2402 tato
470 2342 557 2401 eorde
578 2360 656 2404 meo.
671 2345 781 2403 Totum
794 2361 842 2403 me
856 2344 910 2403 tibi
924 2343 973 2404 da.
985 2345 1041 2402 Fae
1053 2342 1089 2401 de
1098 2360 1148 2405 ma

141 2426 223 2506 quod
232 2427 288 2486 tibi
301 2426 454 2504 placuerit
465 2427 515 2487 Nil
523 2427 603 2487 aliud
616 2424 686 2489 volo
700 2428 756 2488 nisi
770 2437 942 2496 te‚ettuam
954 2427 1145 2488 voluntatem.

142 2512 187 2572 lta
198 2510 273 2570 mibi
286 2529 418 2572 amorem
430 2521 516 2572 tuum
526 2557 535 2583 ,
547 2514 668 2573 etdives
683 2531 750 2572 sum
759 2514 843 2586 satis,
857 2522 914 2572 ete.
926 2510 1148 2573 Advertendum

142 2607 244 2658 tamen
257 2606 301 2657 est
320 2596 399 2674 qudd
416 2605 497 2657 actus
513 2598 561 2657 isti
578 2599 703 2658 faciendi
724 2607 794 2657 sunt
812 2598 876 2657 sine
894 2596 953 2656 ulla
967 2595 1016 2665 ri,
1030 2603 1061 2654 et
1080 2595 1149 2655 nul·

141 2683 203 2744 tam
219 2680 413 2759 desiderando
426 2683 655 2742 consolationem
675 2680 865 2755 sensibilen13
883 2680 934 2740 sed
956 2697 1025 2739 curn
1050 2681 1149 2741 suavi·

141 2775 204 2828 tate
221 2768 349 2845 quadam
370 2775 400 2826 et
418 2768 570 2843 voluntate
597 2785 670 2845 pura
696 2762 782 2825 unice
807 2767 870 2824 Deo
897 2765 1042 2843 placendi.
1065 2765 1149 2825 Asse·

140 2851 227 2912 rebat
241 2852 276 2911 S.
305 2851 463 2913 Tbereaior
476 2852 523 2912 Ne
544 2867 699 2912 vereamur
716 2845 847 2930 relinqui
864 2847 1111 2908 irretitunerotoin
1130 2850 1151 2909 d

140 2937 206 2998 Dea
218 2933 264 2996 oet
275 2936 395 3001 unicam
411 2933 597 2997 elevationem
616 2932 766 2997 oculorum
778 2932 818 2995 od
834 2934 898 3017 ejus
909 2932 1149 2995 recordationem.

180 3020 250 3079 169.
272 3020 314 3079 Χ.
331 3021 465 3099 Dirigare
482 3022 679 3081 intentionem
697 3020 828 3098 placendi
841 3020 925 3080 lieo
917 3038 948 3078 11
963 3035 1151 3096 quaeautque

140 3105 258 3167 actione
278 3106 449 3189 quotidiana
471 3107 534 3166 sire
554 3106 723 3186 spirituali,
742 3107 804 3166 siue
822 3105 987 3185 corporali
1002 3102 1147 3163 dicendae

141 3189 294 3261 Domine,
312 3188 373 3250 hoc
388 3190 463 3253 lanio
484 3190 619 3265 tantiam,
638 3200 673 3250 ut
691 3191 820 3269 placeam
840 3191 905 3251 tibi.
925 3187 1152 3271 llecteinteutio

141 3232 310 3351 appellauit
326 3274 465 3334 alcbimia
483 3276 663 3354 spiritualia,
680 3293 748 3353 qua
769 3291 871 3336 amnes
892 3264 1038 3345 actiones,
1062 3270 1152 3332 etiarn

140 3358 284 3429 uiliores,
297 3376 402 3419 aureas
420 3359 500 3420 lacit.

182 3442 251 3504 179.
268 3444 325 3503 Xl.
338 3444 501 3516 bannonis
515 3446 652 3507 exercitia
670 3443 835 3521 spiritualia
850 3459 990 3521 peragere
1001 3459 1055 3520 per
1067 3450 1150 3514 octo,

140 3518 306 3589 veldecem
320 3527 400 3600 dies,
414 3529 611 3593 alienandose
621 3526 788 3607 ,quantum
805 3529 870 3587 lieri
886 3537 998 3608 potest,
1016 3527 1053 3587 ab
1070 3527 1151 3588 omni

140 3616 386 3683 conversatione,
399 3622 430 3674 et
442 3616 539 3675 ollieio
554 3616 633 3693 quod
648 3614 852 3675 distractiones
872 3613 994 3685 afferat,
1009 3622 1042 3676 ut
1055 3611 1152 3674 soliun

142 3713 214 3759 cum
229 3698 295 3759 Dea
306 3706 451 3791 versetur.
465 3699 608 3764 Similiter
627 3699 750 3779 siugulis
763 3699 912 3762 mensibus
931 3699 1058 3779 aliquam
1073 3698 1151 3758 dicio
