2642 4167
437 214 854 299 creausaumuasouj.
1086 220 1144 286 aso

145 327 228 390 bitur
238 327 274 385 ex
288 319 480 384 attentatione
493 318 675 380 matrimonii
693 318 837 397 (quamvis
851 318 985 398 invalidi)
1003 337 1070 384 eum
1083 339 1144 382 coe·

143 419 252 488 rupta,
273 407 322 468 vel
337 422 405 466 cum
424 403 560 480 virgine,
582 411 648 480 post
674 412 778 466 vuum
801 403 932 466 solemne
953 406 1091 466 emissum
1110 406 1143 465 in

144 495 301 573 religione,
317 489 364 550 vel
380 496 445 565 post
456 488 671 564 susceptionem
691 488 765 550 meri
785 486 919 561 ordinis3
940 487 1008 548 vide
1020 486 1090 550 ibid.
1108 506 1143 550 e.

143 581 213 642 did.
226 577 337 640 vaux
355 573 468 638 deiectu
488 569 643 649 infamiae,
661 572 699 632 de
715 590 772 648 qua
790 571 858 632 aide
879 571 955 648 dicta
972 569 1021 631 hic
1041 591 1074 632 o.
1091 573 1142 634 88.

144 663 182 724 ad
192 665 244 738 Vq
256 678 325 722 nam
340 657 571 735 admissiones
588 674 623 716 ex
644 656 777 724 delectu,
793 662 823 715 et
843 673 880 716 ex
897 655 1003 715 delicto
1018 656 1117 722 obinl
1129 683 1144 701 -

145 746 279 811 miamin
297 742 377 804 idem
392 739 574 807 sormidam.
595 741 662 799 Vll.
689 742 730 799 Ex
748 739 862 799 delectu
889 735 1054 813 libertatis,
1066 739 1144 800 unde

145 839 215 900 sunt
228 828 424 905 irregulares,
439 826 580 888 lemnes
598 824 691 890 servi.
703 821 823 901 proprie
838 822 921 882 dieti.
934 826 964 883 ἢ.
978 821 1142 901 conjugati.

145 917 176 978 ὅ.
189 912 316 976 eurialus
335 909 454 987 obligati
472 907 563 968 euriae
579 916 701 985 propter
720 906 944 983 juramentum,
962 916 1013 967 aut
1033 907 1144 986 stipen-

144 999 241 1059 dium.
254 999 283 1056 t.
300 995 424 1061 Milites,
441 993 544 1056 saltem
563 992 703 1070 quamdiu
715 992 884 1067 juramento
897 999 1057 1068 tenentur3
1075 993 1143 1052 vide

145 1081 170 1146 l.
181 1100 206 1141 e.
221 1098 254 1140 u.
268 1080 336 1142 456.
353 1079 433 1136 Vlll.
450 1079 491 1136 Ex
500 1075 617 1138 ,delectu
633 1071 780 1146 lenitatis,
796 1077 904 1159 seilicet
914 1095 950 1140 ex
967 1076 1045 1136 licita
1058 1078 1144 1140 muti·

145 1165 254 1230 latione
269 1160 409 1229 mambri,
420 1179 488 1237 que
501 1159 533 1220 fit
548 1158 564 1217 b
578 1158 723 1236 chirurgis
748 1178 815 1220 cum
832 1161 991 1230 incisione,
1012 1162 1058 1220 vel
1070 1162 1144 1222 adu-

146 1249 260 1320 stione,
275 1245 323 1306 vel
334 1262 371 1306 ex
390 1244 472 1304 licito
490 1242 648 1302 homicidio
669 1244 700 1304 in
721 1242 798 1304 bello
811 1242 891 1320 justo
910 1243 1074 1319 odeusiv03
1093 1254 1145 1308 aut

79 1375 85 1379 -
146 1332 180 1400 in
195 1329 303 1406 judicio
317 1345 370 1405 per
384 1326 619 1404 coeperationem
636 1326 759 1388 activam
772 1370 780 1398 ,
794 1328 956 1402 efficacem,
967 1327 1144 1406 proximam,

146 1423 178 1473 et
196 1413 232 1473 ad
248 1414 420 1478 occisionem
432 1411 613 1487 ordinatam,
627 1411 694 1471 vide
707 1410 777 1472 ibid.
791 1430 823 1472 o.
841 1412 911 1475 tbi.

454 1587 549 1647 Sestio
558 1589 598 1648 ΙΙ.
611 1590 655 1648 De
666 1587 838 1649 diaconatus.

70 1783 72 1788 a
146 1756 220 1823 quid
229 1753 417 1810 diaconatus?
436 1759 541 1820 etque
557 1753 645 1820 ipsius
657 1753 778 1805 mutulo
790 1788 798 1814 ,
811 1756 838 1805 et
854 1751 970 1820 formal
988 1754 1030 1807 90.
1050 1753 1146 1822 Officia

210 1828 332 1889 diaconi,-
344 1826 461 1880 censure
472 1827 591 1893 tiputus,
605 1833 654 1879 cte.
667 1831 704 1878 be
714 1826 1057 1896 peniteattctmpesitaob
1066 1830 1146 1899 Epte-

209 1915 299 1972 eopo‚
317 1900 724 1968 adimplendamboraviea.
980 1905 982 1908 ’

184 2024 495 2152 ltu—Dneomrus
509 2092 553 2144 est
571 2081 642 2147 orda
658 2101 717 2163 que
737 2081 887 2164 confertur
902 2091 1030 2165 potestas
1043 2086 1145 2150 meae.-

111 2188 114 2193 ·
145 2167 402 2234 cebresutanus
424 2167 566 2233 soeadoti
587 2171 620 2228 to
640 2168 731 2232 musa
745 2214 753 2241 ,
769 2168 943 2249 porstpmdo
958 2170 987 2231 ei
1004 2180 1144 2251 puteacum
1246 2213 1251 2222 ·

144 2272 211 2314 msa
226 2252 341 2323 bestie,
358 2260 387 2311 et
404 2249 521 2318 calicem
535 2271 602 2314 eum
618 2252 688 2314 vioe
704 2250 917 2332 :lacoolepmdi
932 2252 1144 2332 Euoupclium,

144 2344 173 2397 et
182 2335 374 2415 praedicandi.
387 2338 535 2396 Sententia
555 2338 639 2397 nobis
649 2337 829 2415 probabilior
845 2336 939 2412 (juxta
953 2337 1028 2398 dicta
1041 2335 1089 2416 hle
1109 2356 1143 2398 ut

145 2421 207 2499 28.)
221 2427 320 2492 tenet,
340 2421 457 2480 unicam
471 2420 640 2480 diaconatus
655 2421 807 2479 materiam
830 2436 891 2477 esse
910 2436 1052 2477 manuum
1065 2420 1145 2496 Epis·

146 2504 211 2583 eopi
230 2505 467 2581 impositionem,
481 2504 656 2580 unicamque
675 2506 800 2576 formem
813 2519 874 2561 esse
890 2503 980 2561 verba
991 2503 1143 2581 Episcopiz

146 2588 248 2669 Accipe
259 2588 406 2668 Spiritum
417 2591 559 2650 Sanctum
572 2586 611 2647 ud
630 2587 720 2647 robur
727 2630 736 2660 ,
756 2594 808 2644 ete.
823 2586 880 2644 Sed
899 2588 967 2662 quia
983 2587 1073 2644 altera
1086 2605 1146 2648 sen·
1229 2613 1239 2623 s

147 2674 237 2742 tentia
251 2672 340 2744 etiam
354 2683 398 2733 est
413 2672 574 2751 probabilis
586 2715 594 2742 ‚
608 2669 676 2737 ideb
690 2668 831 2739 tenenda,
845 2685 971 2744 nempe,
991 2669 1070 2747 qubd
1083 2689 1146 2747 por·

146 2756 237 2816 rectio
251 2756 517 2816 instrumentorum
528 2755 617 2814 etiam
630 2756 669 2813 sit
687 2754 809 2813 materia
827 2751 979 2831 integralis
995 2754 1146 2830 partialis3

142 2850 179 2898 'ae
191 2841 346 2916 propterea
363 2838 519 2899 dicendam
537 2837 617 2915 qubd
635 2836 756 2897 materia
773 2835 941 2898 diaconatus
954 2845 997 2896 est
1019 2836 1145 2914 duplex,

145 2923 256 2982 scilicet
269 2922 417 2998 impositio
431 2922 535 2983 maniis
547 2922 817 3000 dexteroeEpiseepi
824 2968 834 2998 ,
846 2940 912 2983 eum
925 2921 1035 2981 forma:
1046 2923 1147 3004 Accaepe
1170 2990 1172 2994 ,

145 3005 293 3085 Spiritum
305 3007 463 3078 Sanctam,
483 3015 547 3082 ete,
564 3016 593 3066 et
607 3007 726 3067 traditio
746 3007 814 3067 libri
833 3007 1055 3084 Evangeliorum
1079 3026 1146 3069 cum

145 3089 241 3149 forma
260 3110 269 3148 ε
291 3090 393 3170 decipe
415 3098 585 3172 potestatem
611 3089 723 3173 lcpcadi
738 3088 933 3171 Eouopeliuoe
945 3136 956 3167 ‚
977 3100 1029 3153 etc.
1052 3093 1147 3160 Ambe

145 3181 245 3232 autem
265 3183 337 3234 sunt
354 3176 485 3250 materia
501 3184 531 3234 et
547 3176 647 3235 lormae
665 3177 801 3254 partiales
817 3194 910 3234 unum
930 3176 1064 3246 ordinem
1078 3195 1147 3239 con·

143 3256 312 3316 stituentcs.
329 3258 446 3318 Valeret
474 3259 563 3317 etiem
580 3258 699 3320 traditio
720 3260 838 3328 bibliae,
863 3259 930 3334 quia
946 3255 987 3318 ibi
998 3259 1061 3336 jem
1078 3280 1147 3322 con·

146 3338 283 3399 tinentur
295 3340 462 3417 Evangelia.
476 3341 531 3401 Sed
551 3342 649 3401 dices:
665 3344 702 3401 ab
714 3342 799 3401 initio
808 3340 956 3420 quomodb
972 3342 1149 3404 ordinaban·
1194 3369 1200 3377 ·

145 3421 335 3489 taediosam,
357 3425 475 3499 quando
485 3424 586 3483 deerat
596 3425 671 3484 liber
687 3425 934 3500 Evangelioruml
948 3426 1149 3504 despondetur

145 3498 298 3563 Christum
312 3503 474 3565 Dominum
496 3508 648 3584 reliquisse
669 3507 800 3566 Ecclesiae
818 3514 990 3585 potestatem
1008 3507 1148 3573 determi-

146 3584 238 3645 nandi
254 3586 286 3646 in
302 3587 398 3664 specie
410 3592 545 3651 materias
556 3600 602 3664 ,ct
612 3591 720 3653 formas
736 3598 1003 3667 sacramentorum,
1021 3612 1148 3674 quorum
