2642 4167
170 234 226 295 tot
438 233 550 295 Pueris
568 233 751 314 eottssssnrii.
762 238 834 317 Cap.
850 238 899 300 tt.

170 338 207 396 B.
220 332 364 416 Armaiud
383 331 529 416 Fuiipno,
549 335 581 397 S.
598 338 769 417 Marparitn
780 340 799 398 d
810 340 957 413 cortona,
971 338 1095 419 aliisque
1109 362 1175 424 pce-

169 420 340 480 nitentibus.
356 420 413 494 Qui
432 420 522 498 igitur
535 429 644 482 recum
662 419 750 482 habet
770 424 969 498 voluntatem,
982 425 1089 487 timere
1112 447 1175 490 non

168 503 254 563 debet
270 503 432 564 damnarit
448 506 594 577 Domino,
608 506 660 584 qui
675 524 714 567 ue
734 506 889 570 damnaret
908 526 980 586 nos,
993 510 1124 588 seipsum
1136 513 1175 572 ad

169 599 296 649 mortem
312 589 408 649 crucis
418 588 560 651 damnare
576 608 637 650 non
653 589 808 650 dubitavit.
960 588 968 596 ’

207 705 275 764 ott.
301 703 436 764 Tertium
458 705 624 775 motivum,
646 714 716 764 sunt
738 705 836 764 divina
856 706 1008 783 promissa.
1022 709 1123 775 Mutus
1143 710 1175 770 in

161 789 239 876 iocis
249 788 397 865 Evangelii
413 789 579 866 petentibus
603 787 702 846 divina
721 789 905 866 promittitur
923 791 1035 866 grstia:
1056 795 1173 866 Petite,

167 879 196 931 et
216 873 371 951 accipietis.
384 875 432 932 Io.
447 874 495 931 id.
508 875 556 932 bi.
570 874 672 949 Arnen,
683 890 768 930 amca
780 870 843 932 dica
854 871 935 933 uobis
945 919 953 946 ,
962 876 991 934 si
1001 874 1074 954 quid
1083 878 1175 957 petie·

167 954 235 1016 ritis
251 958 371 1016 Patrem
387 955 421 1015 in
440 956 558 1016 notoriae
573 974 652 1026 meo,
668 954 751 1016 dabit
770 955 861 1017 uobis.
875 959 924 1017 Io.
943 959 991 1017 to.
1006 961 1054 1019 23.
1076 962 1111 1020 Et
1126 959 1174 1022 bie

168 1057 228 1101 nou
247 1039 343 1099 sabim
364 1039 401 1100 de
417 1038 526 1116 justis,
550 1039 601 1099 scd
623 1040 713 1098 ctiam
729 1040 766 1100 de
783 1042 983 1117 peccatoribus
1002 1061 1099 1103 sermo
1116 1044 1172 1112 iit.

163 1123 247 1201 juxta
264 1133 376 1184 textum
389 1123 517 1183 Matthaei
530 1144 538 1183 z
556 1121 661 1183 Oarnis
673 1122 727 1201 qui
739 1123 830 1203 petit,
847 1124 967 1204 accipit3
977 1126 1086 1187 Mettis.
1096 1130 1126 1189 7.
1138 1131 1170 1189 8.

167 1211 241 1269 Satis
265 1211 356 1288 igitur
380 1218 423 1270 est
446 1209 553 1285 gratias
569 1207 585 1268 b
601 1211 662 1267 Deo
687 1219 786 1286 petere
810 1208 846 1266 ad
873 1211 1016 1280 salutem,
1038 1222 1070 1272 ut
1094 1214 1174 1274 certi

165 1295 366 1355 obtineantur.
395 1296 501 1357 Bonus
519 1301 562 1356 est
583 1292 765 1354 Dominus...
787 1292 898 1355 aniauar
917 1296 1063 1374 querenti
1086 1295 1173 1358 illurn

170 1377 239 1440 Τὴν.
257 1383 285 1440 5.
301 1382 350 1440 bii.

203 1481 271 1540 iii.
287 1481 432 1554 Quartum
445 1477 607 1550 motivum,
621 1487 665 1538 est
676 1479 849 1538 Sanctorum
860 1479 1046 1553 intercessio,
1060 1489 1091 1541 et
1102 1500 1174 1559 prae-

165 1568 267 1625 sertim
280 1566 431 1644 Deipnroe,
447 1583 536 1642 quem
555 1563 620 1623 vult
638 1565 738 1634 Deus,
753 1573 788 1623 ut
808 1582 862 1624 nos
881 1584 948 1624 eum
967 1575 1026 1625 tota
1046 1568 1174 1628 Ecclesia

165 1652 325 1711 salutemus
349 1660 483 1711 nostrum
502 1650 668 1724 refugium,
682 1650 795 1723 vitem,
814 1655 844 1711 e't
864 1650 946 1728 spem
967 1660 1114 1721 nostram,
1139 1672 1174 1712 ac

165 1735 315 1797 dicamus:
331 1733 491 1815 Resupiunt
506 1741 708 1814 peecatorum,
725 1753 778 1795 ora
795 1753 851 1816 pro
873 1733 982 1795 nobis.-
1001 1734 1082 1801 oita,
1108 1754 1174 1816 spes

166 1829 267 1880 rtostra
280 1818 370 1881 salire.
386 1821 469 1879 Unde
487 1818 593 1880 meritd
619 1820 680 1898 ipsa
694 1821 727 1878 B.
738 1820 830 1896 Virgo
848 1817 1038 1897 appellaturi
1053 1821 1170 1888 Biosia,

164 1906 235 1983 Spes
246 1904 479 1986 desperantium,
498 1903 558 1963 eti
580 1906 609 1962 S.
627 1903 774 1983 Ephrem,
791 1902 934 1986 Adjutria
951 1902 1170 1964 destitutarum.

165 1990 273 2049 Eadem
299 1991 352 2048 Dei
377 1999 471 2048 mater
493 1990 675 2066 nnirgtuoe
693 1990 855 2058 revelavit,
874 1989 953 2066 quid
974 1990 1048 2047 sicut
1071 1990 1172 2067 aliqua

164 2082 273 2145 muter,
289 2075 392 2133 videns
405 2073 501 2131 filium
514 2073 592 2132 inter
605 2091 688 2132 enses
699 2093 822 2134 suorum
841 2071 970 2135 hostium
981 2084 1170 2145 versantem,

163 2163 293 2222 animosa
312 2161 342 2220 in
362 2158 484 2218 tutelam
502 2174 585 2215 suam
600 2158 685 2217 iilum
703 2159 843 2236 suscipit,
858 2159 898 2218 itu
914 2160 974 2237 ipsu
985 2166 1068 2218 curat
1080 2158 1171 2218 devo·

164 2256 209 2306 tos
229 2264 295 2305 suos
312 2245 419 2315 taturi,
433 2241 505 2302 ddm
524 2242 540 2302 b
558 2243 743 2302 demonibus
762 2252 920 2314 vexantur,
938 2244 1023 2320 eique
1036 2260 1068 2302 se
1089 2248 1170 2303 com·

164 2331 313 2391 mandant.
329 2331 451 2406 iusuper
469 2329 559 2403 dixit,
573 2326 653 2406 quod
674 2325 740 2388 etim
757 2329 868 2388 accedit
884 2329 921 2387 ad
937 2346 1002 2387 eom
1015 2339 1168 2405 peccator,

163 2419 223 2494 ipsu
237 2435 296 2475 non
310 2413 373 2492 ejus
385 2413 488 2472 merita
501 2413 635 2487 discutit,
648 2412 699 2471 sed
711 2431 777 2472 cum
789 2415 867 2491 quoii
878 2414 1041 2472 intentione
1051 2414 1169 2484 veniat,

161 2499 297 2559 attendit.
313 2502 348 2557 Et
363 2499 441 2556 Deus
454 2498 514 2574 ipse
524 2500 563 2557 B.
578 2495 749 2558 catharine
763 2498 883 2557 Senensi
896 2497 1054 2564 revelarit,
1070 2499 1171 2558 biarioe

161 2605 221 2646 suae
235 2586 304 2644 silias
318 2583 507 2652 concessisse,
519 2581 596 2660 qudd
608 2583 704 2660 quivis
722 2593 855 2660 peccator
870 2583 907 2641 ad
919 2600 982 2642 eam
995 2599 1168 2656 recurrens,

162 2670 244 2728 nullo
264 2668 351 2728 modo
368 2665 486 2746 possiti
498 2666 631 2726 doemone
643 2666 719 2745 rupi.

198 2786 266 2846 tto.
282 2786 336 2845 111.
350 2783 496 2845 Adversus
506 2784 698 2845 tentmiooem
709 2766 796 2843 vante
808 2779 922 2862 piorioe.
935 2785 976 2842 D.
991 2782 1169 2851 Bernartius
1183 2759 1185 2763 Ι

160 2870 218 2936 eit,
234 2869 315 2948 qudd
334 2886 407 2927 vanu
427 2868 518 2946 glorio
536 2877 580 2926 est
593 2867 728 2944 quaednm
743 2868 866 2941 sagitta,
880 2885 945 2943 quoe
966 2862 1067 2925 leuiter
1079 2885 1168 2946 pense

159 2960 235 3028 teat,
257 2952 306 3014 sed
325 2971 385 3013 uon
405 2949 505 3011 ieviter
523 2947 679 3027 uulnerat,
700 2953 864 3031 presertim
884 2953 908 3011 si
930 2969 1053 3029 persona
1078 2954 1169 3033 timo-
1267 2956 1270 2963 '

159 3050 230 3099 ratoe
252 3040 291 3099 sit
309 3036 503 3099 conscientie.
525 3037 555 3095 Si
576 3038 667 3114 igitur
689 3039 821 3098 sacerdos
842 3055 975 3115 unquam
1000 3035 1182 3096 advnoerct

161 3123 371 3185 moribundum
390 3122 478 3181 nimis
492 3141 525 3182 se
539 3133 678 3200 reputare
691 3142 827 3187 securum
841 3124 943 3185 desua
962 3123 1076 3190 salute,
1096 3125 1168 3199 quia

160 3208 247 3268 nimis
262 3209 321 3268 suis
342 3208 480 3287 oporibus
496 3207 584 3282 fidit3
606 3209 633 3267 ei
651 3209 729 3269 dicat
745 3207 824 3285 qudd
844 3216 960 3285 peccau
978 3206 1168 3267 solummodo

130 3309 137 3324 ·
160 3303 259 3353 nostre
280 3303 366 3369 sunt,
389 3293 487 3353 omnin
507 3303 606 3363 autem
627 3293 704 3355 bona
720 3293 736 3352 i
750 3295 813 3353 Deo
834 3293 1009 3370 recipimus,
1030 3308 1067 3350 ex
1088 3291 1164 3350 itio:

162 3374 276 3450 Quid...
292 3375 396 3453 babes,
412 3374 490 3457 quod
506 3395 567 3438 rton
586 3377 744 3457 accepisti?
758 3378 786 3437 i.
803 3380 869 3437 Car.
885 3380 915 3436 i.
929 3377 959 3437 7.
971 3373 1089 3437 Etcum
1101 3391 1166 3435 cer·

159 3469 224 3519 tum
242 3461 281 3520 sit
299 3462 413 3521 nullum
430 3481 490 3522 suae
504 3463 606 3525 solutis
621 3473 760 3532 aeterna,
778 3463 945 3539 divinaeque
962 3460 1064 3537 gratie
1079 3458 1166 3521 iniel·

159 3541 270 3600 libdem
280 3545 485 3605 certitudinem
497 3545 605 3608 habere
616 3566 698 3626 posse
707 3545 910 3624 (Nescitbomo
921 3589 929 3616 ‚
940 3542 1164 3613 utruirrtamore,

159 3621 275 3682 arcadio
287 3623 459 3704 diputusit,
470 3626 577 3693 Enisa.
593 3632 623 3692 9.
639 3629 699 3708 i.),·
711 3628 778 3692 ideo
790 3632 915 3710 quisque
930 3646 1045 3706 semper
1057 3626 1182 3705 parere,
