2642 4167
177 197 190 257 l
196 200 234 260 bb
447 195 558 257 Prone
570 195 753 276 cottfcssotic'.
772 199 844 279 Cirp.
859 200 906 260 ll.

176 299 274 361 culosa
299 296 412 376 objecto
429 293 654 369 removeantur,
677 298 768 357 ueluti
790 316 891 375 arara,
911 301 1053 381 imagines
1072 305 1179 383 parlim

175 378 321 459 bonestca,
336 391 365 441 et
381 380 541 459 prasertim
552 398 700 457 personae,
713 400 779 459 quur
792 383 890 461 aliquo
902 387 989 447 modo
998 392 1179 455 occasionem

175 468 284 542 peceati
297 465 428 545 praebere
444 477 585 543 possunt3
599 474 628 525 et
644 466 708 529 iste
727 484 789 527 non
806 468 902 529 soldm
919 468 936 530 a
958 472 1109 549 cubiculo,
1126 476 1179 535 sed

173 547 268 613 dtota
287 551 377 612 domo
392 549 497 627 expelli
513 548 632 610 debent.
649 551 686 609 Et
703 549 775 610 dum
796 552 933 615 infirmus
951 558 1063 633 agoniae
1079 562 1180 636 proxi-

166 653 240 701 ,mus
257 637 374 697 videtur
397 653 459 695 esse
471 678 479 704 ‚
493 635 626 694 sacerdos
644 629 747 695 onrnos
761 638 799 697 ob
815 637 878 713 ejus
892 639 1027 699 eubiculo
1038 641 1179 719 depellat,

128 716 131 723 '
173 729 282 799 praeter
295 739 389 780 unnim
409 728 459 778 aut
474 719 547 777 diros
567 717 701 789 tuntum,
719 722 770 797 qui
786 723 840 801 ipsi
855 723 927 783 dum
938 733 1056 800 oportet
1071 726 1180 803 praesto

172 805 243 864 sint.
254 802 399 865 Caeterum
412 848 421 874 ‚
435 803 557 863 omtrlno
567 801 721 880 probibeat
731 806 762 863 in
772 808 873 883 aegroti
886 807 984 869 cubile
995 802 1180 888 propinquos

173 889 306 966 ingredi,
319 906 356 948 ne
367 888 454 949 alicui
474 887 615 965 passsioni
626 898 743 948 causam
753 890 913 968 praebeent.

382 1055 410 1137 ὃ.
428 1053 612 1119 illicientia
625 1053 766 1118 nde-ersus
779 1057 962 1122 tentationes.

208 1228 277 1288 257.
298 1227 446 1305 Prneipua
473 1237 574 1287 eontra
606 1228 781 1287 tentationes
798 1228 928 1288 remedia
954 1239 1024 1293 sunt
1049 1229 1118 1295 lesu
1143 1255 1179 1297 ac

170 1314 271 1374 llario
295 1314 347 1373 SS.
370 1313 492 1375 nomina
512 1310 618 1391 saepiiis
640 1313 798 1382 invocare,
821 1322 851 1374 ct
873 1313 1127 1394 crurissignaeulo
1145 1338 1179 1381 se

170 1400 299 1460 munire.
322 1400 379 1461 Pro
402 1397 549 1476 aliquibus
572 1404 671 1458 nmen
697 1397 870 1476 specialibus
895 1397 1038 1461 demonis
1062 1403 1179 1466 insidiis

169 1484 304 1562 quodam
316 1481 365 1544 ble
383 1493 525 1543 annotare
537 1481 668 1559 expedit.

207 1571 277 1633 tto.
291 1573 327 1631 Et
343 1572 367 1629 l.
378 1567 524 1633 Advortite
540 1567 610 1648 fidei
623 1567 809 1630 tentationes.
823 1568 870 1629 db
887 1566 942 1630 bac
959 1572 1087 1633 terribili
1109 1582 1179 1637 ten·

168 1656 280 1719 tatione
290 1656 450 1734 presertim
466 1655 632 1733 agitantur,
645 1655 696 1732 qui
706 1653 775 1715 edm
784 1654 930 1733 perditam
946 1657 1061 1734 egerint
1071 1658 1175 1734 vitam,

168 1742 224 1803 eibi
238 1760 350 1819 suoque
364 1740 477 1818 judicio
491 1742 578 1801 nimis
599 1739 804 1818 udhaesertrnt3
818 1740 967 1820 precipue
982 1743 1006 1801 si
1032 1745 1091 1804 viri
1105 1762 1178 1807 cru·

167 1828 224 1888 diti
237 1827 358 1887 luerint.
376 1824 430 1887 llio
440 1824 543 1891 sednlb
557 1826 785 1897 advertendum,
798 1825 880 1904 quod
889 1828 913 1884 sl
926 1827 1043 1913 demon
1052 1830 1176 1908 aliquod

167 1913 210 1972 cis
230 1911 305 1970 circa
318 1910 408 1971 iidem
424 1910 549 1970 dubium
561 1921 612 1973 aut
623 1911 815 1972 subtilitatem
827 1920 978 1990 suggerat,
992 1914 1091 1973 statim
1104 1934 1178 1977 cou-

166 1997 255 2057 stanti
269 1996 368 2053 aninro
386 1991 502 2053 tuntulm
518 1996 680 2071 generatim
694 1996 890 2072 respondeant
905 2016 914 2066 ;
928 1995 1082 2075 Epomedo
1095 1999 1180 2076 quod

165 2082 198 2144 S.
217 2082 317 2140 Meter
329 2073 459 2139 Ecclesia
474 2076 582 2147 credit,
599 2097 665 2160 quoe
682 2077 831 2139 ceritatem
852 2077 943 2140 crodit
957 2088 985 2139 et
1004 2078 1174 2160 confitetur.
1211 2116 1215 2119 v

167 2168 365 2240 llortetorque
376 2162 509 2222 sacerdos
521 2162 692 2235 infirmum,
706 2174 740 2223 ut
749 2164 890 2222 maximas
901 2166 962 2222 Deo
974 2166 1081 2242 gratias
1092 2177 1173 2245 agat,

165 2248 244 2329 qudd
262 2253 357 2326 ipsum
370 2246 401 2306 in
419 2247 551 2308 Ecclesiae
561 2249 661 2307 sinum
674 2249 712 2309 ab
728 2248 914 2308 incunabulis
925 2249 1056 2325 accipere
1069 2250 1175 2327 digua-

165 2344 214 2395 tus
225 2336 284 2408 sit;
302 2330 426 2409 idebque
447 2332 553 2410 inipso
573 2331 631 2392 side
650 2351 743 2411 usque
756 2333 793 2392 ad
810 2342 976 2392 extremum
989 2334 1057 2392 vitre
1076 2353 1177 2411 porse·

164 2436 267 2479 rorare
287 2417 362 2477 velle
380 2415 562 2495 profiteatur.
582 2418 748 2494 Praecipuus
761 2425 860 2477 tamen
879 2415 1003 2489 modus,
1022 2425 1051 2476 et
1066 2419 1176 2481 utilior

164 2504 202 2564 ud
219 2501 387 2580 hujusmodi
402 2502 579 2562 tentationes
598 2503 780 2581 repellendas
791 2503 848 2562 crit
864 2510 994 2561 mentem
1006 2500 1064 2562 alid
1075 2502 1176 2565 diver·

163 2598 245 2663 tere,
262 2589 392 2665 aliosque
410 2587 507 2646 varios
517 2587 623 2653 elicere
633 2597 736 2660 actus,
750 2605 856 2665 nempe
868 2587 1073 2658 contritionis,
1086 2592 1172 2664 spei,

164 2672 312 2734 eharitatis
326 2691 395 2753 erga
408 2673 519 2744 Deum,
533 2683 562 2733 et
580 2673 699 2733 similia.
713 2676 757 2734 De
773 2673 901 2750 quodam
913 2673 1039 2731 Doctore
1050 2671 1174 2735 Bellor-

162 2758 387 2830 nilamnion,
406 2759 486 2837 qubd
504 2758 553 2827 hic
571 2760 643 2820 dnm
665 2760 697 2821 io
716 2769 813 2820 morte
831 2775 899 2817 enm
917 2756 1052 2817 daemone
1075 2757 1174 2821 disse·

162 2861 228 2904 rere
246 2843 284 2901 de
299 2843 428 2920 quodum
447 2844 516 2905 fidei
530 2845 653 2904 articulo
671 2844 820 2914 voluerit,
839 2841 977 2918 deeeptus
993 2842 1171 2919 succubuit,

162 2938 192 2989 et
204 2936 339 2988 mortuus
357 2936 411 2987 est.
992 2936 1004 2959 ‘

200 3014 269 3073 2502
294 3013 324 3073 Si
344 3011 467 3073 tentatio
490 3019 588 3074 tamen
615 3012 712 3092 pergit
729 3027 859 3082 rexere,
884 3009 1019 3069 ostendat
1045 3009 1173 3074 infirmo

161 3096 240 3176 qtrdd
259 3106 367 3158 nostro
381 3097 449 3156 ndei
465 3097 529 3176 (per
552 3116 584 3158 se
603 3108 730 3169 sanetae,
749 3106 780 3157 ct
798 3092 1030 3164 intemeratae
1054 3112 1172 3173 paupe·

160 3183 244 3243 ribus
257 3181 450 3258 piscatoribus
465 3201 520 3261 per
537 3191 633 3243 totum
652 3184 756 3244 orbem
777 3180 891 3243 dillusae
903 3220 912 3250 ‚
926 3184 972 3237 tot
993 3178 1170 3254 miraculis,

159 3284 192 3326 ac
206 3275 249 3325 tot
268 3266 396 3327 millium
412 3276 577 3346 martyrum
596 3266 822 3346 sanguine-qui
842 3265 931 3323 vitam
942 3280 1024 3320 suam
1036 3280 1091 3338 pro
1102 3264 1173 3341 ipsi

62 3350 67 3359 '
159 3352 405 3421 immolaverunt,
419 3352 615 3432 confirmatae)
642 3362 814 3431 argumenta
837 3350 902 3409 luce
925 3347 1049 3407 clariora
1068 3359 1172 3423 sunt,

159 3444 190 3494 et
207 3435 359 3498 manifeste
371 3437 453 3498 illam
465 3457 566 3499 rerum
578 3457 640 3500 esse
656 3438 852 3516 patefaciunt,
864 3431 933 3493 ticet
945 3448 1008 3499 res,
1021 3448 1095 3507 quas
1103 3431 1172 3511 ipssa

158 3517 261 3586 docet,
281 3537 361 3580 nuno
383 3540 436 3597 per
453 3526 604 3600 speculum
626 3525 658 3584 in
680 3523 837 3601 aenlgmate
862 3517 1121 3589 rideamus3nam
1142 3523 1171 3583 si

159 3600 297 3672 mysterio
317 3603 354 3662 de
371 3606 477 3679 quibus
494 3627 547 3669 nos
571 3609 812 3671 instituitessent
828 3601 994 3683 evidentia,
1013 3597 1064 3656 ubi
1090 3612 1173 3662 osset
