2642 4167
369 256 414 315 De
428 252 652 335 obligationibus
666 252 770 314 diuers.
788 260 930 315 stolatum.
1053 305 1059 324 .
1113 257 1152 319 tt
1177 310 1183 314 .

145 358 269 422 minatio
291 355 345 428 lit,
365 362 400 414 nt
423 372 471 414 res
494 373 553 415 non
572 354 719 414 vendatur
737 356 882 427 minoris,
897 374 957 415 nou
979 362 1097 428 autem,
1117 368 1152 418 ut

143 449 305 524 proxeneta
326 437 401 499 illud
415 438 495 515 quod
513 445 646 516 superest
663 438 718 497 sibi
733 438 859 499 retineat
871 460 880 515 3
891 437 983 517 idque
994 440 1149 517 procedit,
1253 479 1257 488 ·

144 526 256 587 etiamsi
271 523 287 583 ir
302 522 425 583 domiuo
440 521 531 581 suerit
542 521 623 580 loeus
636 521 817 599 designatus,
835 522 886 580 nhi
900 523 1149 596 respenderetur,

141 620 171 671 et
187 615 369 687 proxeneta,
384 602 514 664 adhibita
529 604 569 664 ihi
583 603 683 664 debitd
696 604 847 681 diligentie
860 648 868 675 ,
882 605 913 664 in
927 604 984 666 alio
996 606 1060 667 loeo
1071 609 1151 668 mul·

141 693 207 754 than
223 692 344 752 distanti
370 690 465 767 pluris
487 688 595 747 deinde
612 687 812 746 vendidisset:
834 690 944 748 etenim
965 700 1036 750 tune
1061 693 1150 750 etiam

142 777 288 844 dicimus,
305 772 386 853 qubd
406 777 467 853 ipsa
491 774 595 850 nequit
614 788 703 831 omne
723 770 906 849 superfluum
931 774 1081 846 retinere,
1100 775 1151 835 sed

140 859 257 922 tantiam
270 858 302 919 id
314 858 395 935 quod
408 858 463 937 ipsi
480 866 610 933 spectare
624 862 722 933 petest
737 855 775 914 ob
786 856 870 917 illum
885 858 1149 918 extraordinarium

142 945 288 1017 laborem3
300 960 369 1001 nam
381 957 429 1000 res
448 957 565 1017 semper
582 939 704 997 demine
719 937 884 998 lruetifieut.
900 941 1068 1018 Exeipimus
1090 940 1149 1019 (lb.

140 1046 170 1089 v.
185 1030 264 1087 Bene
281 1025 404 1100 autem.)
416 1026 444 1084 l.
460 1026 489 1082 Si
511 1032 671 1100 proxeneta
687 1040 752 1081 rem
772 1024 924 1082 meliorem
945 1025 1096 1096 reddidit,
1119 1035 1150 1085 et

139 1108 208 1171 ideo
224 1107 318 1188 pluris
339 1107 536 1179 vendidisset,
551 1104 640 1183 quiun
659 1123 706 1163 res
721 1104 1026 1181 p1·ii1svalebat.9.Si
1044 1125 1150 1186 proxe-

140 1202 208 1255 neta
231 1208 299 1251 eum
317 1189 440 1249 domino
460 1189 651 1258 convenerit,
670 1187 797 1265 amplids
817 1190 844 1247 ei
868 1208 928 1251 non
941 1189 1077 1262 tradere,
1093 1194 1148 1252 nisi

140 1277 271 1355 pretium
281 1276 319 1336 ab
330 1294 365 1335 eo
376 1274 605 1333 determinatum
621 1293 629 1329 ε
645 1282 675 1331 et
688 1271 744 1332 hoe
753 1273 815 1330 sive
825 1272 959 1349 expresse
969 1275 1031 1333 sive
1044 1274 1147 1350 tacite,

140 1368 232 1437 prout
249 1367 324 1418 esset
345 1358 369 1417 si
389 1358 527 1417 dominus
547 1356 664 1414 nullum
685 1374 740 1433 pro
764 1353 827 1430 ejus
847 1357 947 1416 labore
969 1358 1148 1436 stipendium

140 1444 324 1520 assignasset.
346 1444 376 1501 5.
399 1441 448 1510 Si,
466 1440 545 1517 quod
564 1450 714 1517 superest,
736 1448 810 1498 esset
825 1442 906 1517 parvi
930 1442 1093 1513 momenti,
1108 1444 1149 1501 ita

140 1535 176 1587 ut
195 1534 390 1603 proesnmetur
408 1524 547 1584 dominus
566 1523 742 1582 condonare.
770 1524 800 1580 l.
826 1525 856 1582 Si
878 1534 1058 1601 proxeneta,
1076 1526 1149 1585 laetd

141 1608 292 1670 ordinarit
305 1608 475 1685 diligentia,
496 1608 558 1684 ipsa
582 1607 701 1665 sibimet
721 1615 835 1666 emeret
848 1623 912 1664 rem
925 1607 1022 1682 pretio
1036 1608 1073 1665 ab
1085 1608 1150 1667 aliis

139 1692 261 1760 oblato,
279 1701 309 1751 et
325 1701 425 1770 postea
445 1709 510 1749 eam
531 1691 625 1768 pluris
640 1690 794 1748 venderet.
817 1688 898 1747 Idem
921 1688 1100 1760 dicendum,
1123 1692 1148 1751 si

140 1778 216 1854 quis:
228 1776 281 1835 tihi
295 1775 475 1836 commiserit
485 1775 614 1850 aliquam
628 1789 691 1832 rem
702 1770 858 1832 emendam
875 1773 971 1850 pretio
984 1771 1146 1851 designato,

138 1867 171 1919 et
183 1869 215 1918 tu
226 1860 349 1919 minoris
365 1860 498 1934 emisses3
508 1868 580 1917 tune
592 1858 672 1915 eninr
688 1856 765 1915 nibil
779 1856 905 1934 amplibs
918 1858 1033 1935 exigere
1048 1868 1148 1936 potos,

139 1944 197 2003 nisi
214 1944 482 2003 extraordinarium
504 1943 635 2000 laborem
649 1941 831 2000 adhibuisses
848 1950 881 2000 ut
895 1943 1034 2019 impensae
1047 1960 1147 2021 parce·

139 2044 207 2102 res3
220 2035 272 2085 aut
290 2029 314 2086 si
330 2044 395 2086 rem
414 2035 466 2085 tuo
487 2027 608 2085 nemine
629 2027 764 2100 emisses,
783 2026 948 2102 perieulum
968 2029 999 2085 in
1018 2035 1048 2086 te
1067 2043 1147 2085 assu·

139 2110 251 2170 mendo
261 2132 270 2185 3
282 2108 338 2170 hoe
356 2120 454 2169 tamen
469 2110 665 2186 intelligitur,
679 2109 703 2165 si
718 2107 780 2183 jam
794 2111 986 2184 praemisisses
1004 2111 1146 2169 moralem

138 2194 342 2270 diligentiam,
363 2212 417 2253 nee
440 2194 600 2253 invenisses
621 2190 637 2251 b
660 2209 720 2269 quo
737 2208 802 2251 rem
820 2193 945 2253 mineris
970 2211 1069 2253 emere
1093 2211 1146 2271 po·

137 2276 370 2355 tuisses(1bid.).

178 2361 229 2419 (ih.
252 2360 455 2432 Duodecimd,
476 2361 501 2421 si
526 2358 637 2420 aceedit
657 2359 863 2432 barbitonsor,
886 2362 1087 2441 interrogetur
1105 2385 1143 2426 aa

137 2443 213 2503 alies
234 2443 354 2503 tondeat
376 2445 408 2503 in
431 2444 535 2503 diehus
556 2444 689 2516 festivis,
710 2455 741 2504 et
760 2445 811 2504 ubi
831 2444 1000 2521 hujusmodi
1024 2467 1146 2509 eonsue-

136 2528 214 2587 tude
228 2545 288 2587 non
301 2528 401 2587 adsit?
414 2530 492 2586 Dum
507 2527 608 2588 eontrb
627 2529 658 2587 id
676 2530 703 2587 ei
721 2546 781 2587 non
794 2537 839 2586 est
851 2531 976 2588 vetitum
989 2574 997 2598 ,
1010 2533 1061 2589 ubi
1075 2551 1145 2592 eon·

136 2610 265 2671 suetudo
279 2610 342 2687 jam
358 2613 530 2672 introducta
544 2621 606 2671 est:
622 2623 674 2671 aut
690 2614 713 2670 si
736 2613 777 2669 ibi
791 2622 942 2686 nequeunt
960 2614 1017 2671 viri
1030 2616 1144 2676 tonderi

135 2696 196 2756 nisi
217 2697 249 2754 in
269 2696 369 2767 lestis,
386 2694 422 2756 eh
443 2696 522 2773 qubd
541 2697 573 2754 in
590 2697 655 2753 aliis
668 2696 772 2752 diebus
793 2694 886 2752 labori
906 2711 1026 2770 operam
1039 2717 1146 2759 navare

135 2779 266 2850 debent,
285 2790 319 2839 ut
335 2798 367 2840 se
386 2798 511 2858 suosque
533 2788 697 2838 sustentare
719 2778 842 2854 possint.
863 2778 1005 2837 Preterea
1020 2782 1146 2843 interro·

134 2872 244 2941 geter,
268 2879 305 2921 an
330 2879 445 2923 rumam
468 2863 645 2923 mulieribus
668 2870 846 2939 componat,
868 2859 952 2939 juxta
976 2864 1145 2943 improbum

135 2963 227 3004 nsum
246 2943 303 3005 hoe
324 2946 487 3025 temporeis
508 2955 591 3005 satan
612 2946 779 3005 inventum.
797 2945 954 3007 Ordinarie
974 2948 1142 3025 loquendo,

134 3037 214 3108 puto
230 3030 258 3088 id
277 3047 340 3090 esse
357 3032 429 3090 viris
449 3032 615 3110 proximam
636 3032 818 3090 oeeasionem
839 3031 976 3108 peeeandi
998 3032 1146 3094 lethaliter

134 3115 278 3191 turpibus
301 3115 564 3186 delectationibus,
588 3123 639 3174 aut
662 3117 765 3175 saltem
787 3116 960 3191 desideriis3
981 3119 1061 3177 unde
1078 3120 1145 3180 dieo

133 3197 265 3257 minime
288 3200 523 3278 permittendum
547 3200 577 3259 id
600 3199 685 3259 alieni
707 3201 758 3277 put
778 3201 811 3260 in
832 3218 864 3260 se
886 3203 1063 3262 contrariam
1083 3221 1144 3263 nen

132 3279 287 3341 habuisset
309 3284 532 3361 experientiam.
555 3282 641 3356 Quod
661 3285 686 3343 si
703 3303 834 3362 uuquam
854 3287 920 3363 quis
939 3304 994 3364 per
1016 3289 1145 3349 notabile

133 3373 255 3441 tempus
273 3376 412 3445 expertus
430 3366 550 3438 luisset,
566 3369 596 3426 in
615 3367 784 3444 hujusmodi
806 3371 920 3427 aetione
931 3388 962 3429 se
980 3372 1144 3431 immunem

131 3450 151 3509 ir
173 3457 316 3525 peccato,
337 3447 387 3509 hie
406 3451 508 3510 resert
530 3451 664 3510 damnari
687 3452 791 3528 nequit
813 3452 851 3510 de
870 3455 1070 3529 mortali3sed
1089 3455 1144 3514 hoe

133 3534 369 3606 nonobstante,
386 3551 448 3593 non
460 3536 575 3595 omittat
587 3537 778 3608 confessarius
796 3553 865 3595 eum
883 3539 1038 3599 removere
1051 3556 1144 3617 quan·

130 3619 202 3681 thm
220 3625 321 3698 potest
337 3618 374 3679 ab
387 3616 556 3696 hujusmodi
570 3620 684 3696 officio,
699 3619 779 3698 qued
794 3620 874 3683 uerte
887 3622 919 3681 iu
934 3640 966 3741 sp
979 3626 1143 3701 perieulum

949 3726 990 3768 a..
