2642 4167
309 273 402 354 *Cap
419 274 449 334 2.
467 271 509 332 lie
525 273 707 332 succurrente
721 268 837 333 ordinis
857 269 889 332 in
906 285 1019 352 penore.
1117 268 1177 332 909

166 392 229 436 esse
245 373 423 454 Episcopum
440 372 477 433 de
493 391 544 433 sua
558 372 725 434 intentione
737 370 850 430 babita.
870 371 951 431 ldcm
965 377 1064 429 autem
1078 372 1174 432 Berre-

165 457 280 533 dictus,
296 456 331 519 de
343 458 416 537 Spu.
431 455 453 517 l.
466 458 496 518 8.
510 476 536 517 a.
555 458 603 517 tt.
620 476 653 517 u.
669 459 698 516 l.
714 464 814 524 monet
830 456 1006 534 Episcopus,
1025 464 1058 515 ut
1070 474 1101 513 sc
1121 456 1174 513 ab·

166 540 400 602 stincantabhae
411 543 618 619 protestatione
628 562 637 617 3
646 540 780 619 quamvis
791 539 870 598 enim
882 539 989 618 (inquit
1002 558 1068 598 eum
1081 540 1172 618 Latqo)

27 601 29 654 ζ
116 678 119 684 .
165 636 263 705 posset
272 628 429 705 aliquando
440 628 766 705 Episcopus,cxistente
775 625 944 704 gravissima
954 623 1173 696 eausd,habbrc

165 711 366 771 intentionem
392 711 642 785 conditionatum,
667 709 729 774 hace
752 716 850 769 tamen
876 709 1080 769 universaliter
1102 727 1170 788 erga

165 812 268 853 omncs
289 794 505 872 promovendos
527 797 631 873 nequit
660 793 762 854 haberi
793 795 857 852 sine
876 794 1010 871 pluribus
1032 794 1171 854 inconve-

162 879 324 939 nientibus.
340 879 488 958 Additque
499 899 566 940 cum
576 882 735 950 Navarra,
754 878 886 950 Gobuto,
904 888 934 938 ct
948 880 1052 941 eodem
1071 881 1169 959 naqa,

162 962 243 1039 qubd
255 964 433 1042 Episcopus,
452 966 571 1025 ordines
583 965 761 1024 conserendo
772 1008 780 1033 ,
793 972 912 1024 tenetur
922 965 977 1023 sub
990 965 1071 1043 gravi
1085 964 1171 1042 eulpa

162 1046 1174 1128 cosabsolutbconterrequibnsmanusimponitQuidccgdlmeritb

162 1129 323 1207 concludit)
339 1132 473 1208 proderit
490 1133 659 1210 protestatio
679 1133 727 1192 illa
739 1175 748 1208 ,
760 1133 816 1191 nisi
833 1132 870 1191 ad
883 1133 1058 1211 ingerendas
1072 1133 1172 1211 plures

162 1215 317 1290 scrttpulos
337 1216 368 1274 in
386 1233 435 1275 eos
454 1216 505 1293 qui
530 1221 768 1294 promoventur?
784 1218 834 1278 tlt.
857 1219 1029 1294 Requiritur
1051 1216 1174 1277 cratinus

160 1297 342 1370 clericandi,
358 1308 392 1359 ut
406 1302 605 1379 praescribitur
620 1301 800 1361 in‘lrident.
815 1309 885 1363 sess.
900 1304 949 1362 25.
962 1322 987 1362 c.
1003 1303 1046 1364 l..
1060 1304 1171 1364 scilicet

161 1384 337 1445 ascendendi
356 1384 393 1442 ad
417 1384 535 1450 ordines
556 1385 732 1464 superiores.
748 1388 809 1445 lloc
828 1395 925 1445 tamen
944 1387 1170 1465 intelligendum

161 1469 339 1548 procedere,
358 1468 425 1529 cam
446 1470 511 1546 quis
530 1478 658 1549 acceptat
671 1471 848 1538 beneficium
860 1470 895 1528 ad
914 1472 993 1548 quod
1008 1472 1170 1549 requiritur

161 1554 378 1622 sacerdotium,
391 1553 439 1612 vel
459 1555 533 1613 alius
555 1555 628 1616 ordo
649 1573 731 1614 sacer
745 1552 777 1633 (l.
796 1555 825 1614 6.
838 1573 871 1613 n.
886 1552 979 1632 rsa).
994 1556 1047 1618 tv,
1060 1555 1169 1631 Requi-

160 1638 258 1709 ritur,
271 1647 305 1697 ut
325 1636 448 1718 quisque
467 1637 621 1698 ordinetur
633 1641 653 1697 d
665 1637 788 1718 proprio
800 1636 960 1716 Episcopo,
976 1639 1024 1697 rel
1039 1638 1076 1696 ab
1094 1637 1168 1707 alio,

161 1723 213 1781 scd
231 1740 300 1782 cum
320 1723 426 1782 litteris
443 1723 687 1782 dimissorialibus
707 1722 841 1798 Episcopi
865 1721 996 1798 proprii,
1013 1723 1037 1780 si
1058 1719 1107 1781 bie
1126 1733 1171 1784 est

162 1807 325 1885 impeditus
338 1825 372 1865 cx
385 1801 577 1875 infirmitate,
592 1814 643 1864 aut
654 1806 711 1865 alia
725 1805 803 1880 justa
814 1821 908 1863 cansa.
917 1805 1085 1882 Capitulum
1097 1805 1169 1866 verb

160 1892 231 1950 sede
251 1902 372 1950 vacante
394 1890 483 1951 laodic
504 1890 660 1969 (quidquid
680 1890 770 1949 suerit
789 1886 962 1969 antiquitus)
980 1892 1084 1968 nequit
1100 1890 1170 1951 dare

160 1976 248 2035 alicui
273 1974 475 2052 dimissorias,
500 1977 556 2034 nisi
582 1976 632 2034 illc
654 1976 693 2035 sit
716 1983 842 2034 arctatus
863 1974 900 2033 ad
923 1976 1058 2037 ordinem
1079 1978 1169 2036 susei-

160 2060 304 2137 piendum
326 2060 364 2120 ob
386 2060 507 2138 aliquod
528 2059 705 2121 beneficium
725 2060 880 2138 requirens
901 2060 1074 2139 obsequium
1099 2077 1168 2142 per·

159 2145 261 2203 sonale
277 2141 311 2224 (l.
328 2163 352 2205 o.
367 2164 400 2204 n.
414 2144 509 2222 788.).

164 2245 166 2248 ’
200 2230 250 2289 55.
267 2230 452 2308 »Proprius
466 2238 564 2290 autcm
583 2231 742 2309 Episcopus
759 2230 868 2292 dicitur
883 2233 930 2293 vel
948 2232 1062 2295 ratione
1075 2235 1166 2312 origi-

159 2313 208 2373 nis
221 2314 268 2374 vel
278 2311 419 2373 domicilii
433 2314 498 2385 ,rel
512 2315 665 2388 beneficii,
679 2316 726 2375 vcl
739 2316 955 2377 familiaritatis.
972 2319 1008 2375 Et
1022 2319 1048 2377 l.
1059 2318 1166 2379 dehent

160 2397 287 2457 Ordines
309 2398 414 2475 suscipi
433 2399 475 2458 ab
492 2402 634 2479 Episcopo
654 2398 800 2480 ora'piue's,
815 2402 838 2459 si
854 2400 1034 2460 ordinandus
1050 2402 1081 2460 in
1103 2400 1166 2478 ejus

160 2479 277 2541 dioecesi
295 2492 379 2541 natus
398 2491 459 2555 est,
472 2492 502 2543 et
520 2495 658 2563 parentes⁴
673 2483 804 2561 tempora
815 2484 973 2543 nativitatis
991 2483 1100 2543 ibidem
1114 2486 1164 2546 do‹

158 2566 305 2626 micilium
319 2565 477 2628 habuerint
489 2590 498 2642 3
511 2587 578 2628 nam
598 2571 621 2628 si
641 2587 708 2628 casu
727 2567 834 2627 alicubi
852 2576 937 2626 natus
956 2575 1049 2633 essct,
1064 2576 1093 2627 ct
1116 2587 1165 2645 pa·

135 2712 139 2717 ,
159 2658 260 2708 rentes
285 2650 354 2710 alibi
374 2651 557 2712 domicilium
577 2651 758 2721 habuerint,
779 2658 850 2707 tunc
872 2648 981 2708 dicitur
998 2647 1165 2721 ariuradus,

160 2741 193 2792 et
205 2732 335 2793 ordinari
355 2734 442 2795 debet
457 2736 494 2796 ab
517 2737 658 2813 Episcopo
677 2734 752 2805 loci,
766 2732 817 2791 ubi
832 2740 971 2810 parentes
983 2732 1166 2798 domicilium

159 2813 282 2877 babent.
295 2819 335 2877 ll.
350 2821 475 2880 Ratione
492 2817 635 2881 dotrta'ct‘tii
655 2816 731 2877 bene
750 2816 923 2886 ordinatur,
937 2817 988 2894 qui
1014 2818 1044 2876 in
1067 2818 1166 2897 aliquo

160 2900 227 2960 loco
238 2898 449 2965 habitationem
473 2922 555 2964 snam
574 2903 742 2973 constituit,
757 2920 824 2961 cum
841 2899 940 2960 animo
960 2900 1000 2959 ibi
1024 2903 1166 2978 perpetub

161 2985 312 3044 manendi.
330 2987 384 3046 llic
399 2989 633 3070 autemanimus
647 2988 806 3065 probatur,
822 2985 869 3045 vel
887 3003 939 3063 per
956 2982 1169 3050 habitationem

160 3069 321 3144 decennii,
345 3074 394 3132 vel
415 3093 469 3152 pcr
491 3074 713 3150 aedificationem
742 3070 848 3131 donatis
875 3089 943 3130 cum
971 3072 1173 3147 asportatione.

161 3152 283 3231 majoris
298 3158 390 3232 partis
410 3157 575 3228 bonorum,
594 3156 726 3234 degendo
742 3157 784 3215 ibi
802 3155 890 3215 simul
906 3173 960 3232 per
978 3151 1097 3231 aliquod
1113 3174 1167 3220 ner

160 3237 255 3296 tabilc
275 3246 391 3319 tempus
405 3285 412 3312 ,
427 3251 462 3302 ut
482 3241 607 3303 babetur
624 3242 655 3300 in
675 3241 753 3300 bulla
773 3236 969 3320 Speculatores
984 3236 1071 3316 (Vide
1089 3235 1111 3299 l.
1135 3243 1165 3306 a,

160 3339 195 3383 n.
209 3324 279 3383 770.
293 3323 334 3384 od
354 3326 414 3404 tt).
429 3329 482 3387 lll.
497 3329 620 3388 llatione
635 3325 786 3404 beneficii,
803 3324 870 3385 liebt
883 3325 990 3401 aliquis
1001 3323 1168 3388 albinam

153 3409 252 3469 -tuarit
268 3418 299 3469 ct
316 3410 500 3473 domicilium
525 3412 646 3482 babeat,
669 3409 745 3471 bend
761 3419 857 3489 potest
880 3409 1010 3470 ordinari
1029 3409 1065 3469 ab
1084 3412 1167 3489 Epis-

161 3509 255 3570 copo,
274 3493 307 3553 in
331 3493 415 3572 eujus
435 3496 550 3557 difcccsi
580 3495 755 3557 beneficium
781 3494 927 3553 sulliciens
950 3492 987 3551 ad
1008 3511 1166 3572 congruam

161 3578 406 3639 sustentationem
426 3581 571 3659 possidet,
585 3580 715 3641 obtentis
735 3588 831 3640 manen
844 3577 950 3636 litteris
964 3577 1167 3644 testimoniali·

161 3657 218 3719 bus
236 3659 274 3721 ab
285 3663 427 3745 Episcopo
442 3664 634 3743 domicilii3b
660 3680 721 3749 quo
742 3672 841 3727 tamen
860 3663 1165 3807 potesqgoxaminari,
