2642 4167
388 316 437 377 Ea
450 300 747 396 operibustteuedicti
758 308 847 371 XIV.
905 341 907 344 ⁴
1062 294 1120 367 159

127 413 301 479 Tridentini.
315 413 367 476 llis
385 404 523 476 omnibus
547 412 694 491 deputatis
707 412 751 471 uti
774 409 862 469 debet
884 407 914 465 in
934 403 1120 464 administra·

122 504 314 573 tionererum
328 501 495 576 seminarii3
510 500 586 558 sicut
602 498 691 557 ctiam
713 497 756 555 illi
777 490 935 554 adhibendi
955 498 1026 561 sunt
1045 490 1120 548 circa

122 587 337 649 institutionem
357 593 387 645 ot
405 585 589 661 disciplinam
605 581 738 658 ejusdem
754 576 925 649 seminarii3
942 571 1123 653 quamquam

122 674 280 751 Episcopus
299 671 338 732 ita
356 669 444 730 debet
459 668 551 729 iubis
566 667 705 727 omnibus
723 681 827 725 eorum
840 660 996 721 consilium
1008 657 1121 727 audire,

122 765 156 815 ut
168 756 250 833 sequi
271 773 330 815 aon
351 763 496 814 teneatur.
512 754 555 811 De
566 749 679 831 Synod.
693 750 779 811 dioeo.
797 746 851 810 lib.
863 746 891 808 ὅ.
904 761 968 823 cap.
984 744 1033 802 11.
1044 759 1074 801 u.
1088 741 1120 804 la.

123 839 162 899 Ex
178 839 312 920 pluribus
324 838 528 914 moraecongr.
544 836 623 895 decr.
1057 830 1059 839 '

494 1005 749 1065 saautotmuu.

159 1179 321 1261 Sepulchra
346 1179 378 1239 in
402 1175 536 1237 Ecclesiis
561 1175 835 1236 confraternitatum
858 1170 961 1235 haberi
979 1174 1129 1248 possam,

124 1267 173 1326 scd
190 1268 228 1327 de
243 1263 361 1325 licentia
375 1260 528 1340 Episcopi,
542 1258 587 1320 uti
609 1258 686 1339 saepit
705 1259 837 1322 decisum
850 1260 869 1319 b
881 1259 911 1320 S.
926 1258 1033 1331 congr.
1051 1254 1129 1333 lust.

122 1351 229 1412 Euclea.
242 1351 310 1410 105.
327 1367 357 1407 n.
373 1347 440 1406 191.
1080 1392 1087 1403 ,-

161 1436 190 1494 Si
207 1434 354 1495 confrater
374 1430 476 1499 obeat,
488 1447 548 1489 non
567 1429 657 1489 electa
668 1429 839 1507 sepulturi,
856 1423 989 1488 mandari
1002 1437 1061 1480 non
1073 1436 1126 1498 po-

124 1528 180 1580 test
200 1517 359 1596 sepulturae
375 1513 408 1573 in
428 1514 553 1573 Ecclesia
579 1512 715 1590 ejusdem
735 1509 1001 1580 confraternitatis,
1021 1514 1056 1564 ut
1083 1509 1129 1563 est

124 1600 327 1665 decisumiaS.
341 1598 580 1681 congregatione.
593 1598 670 1659 lbid.
684 1616 715 1659 a.
731 1598 799 1660 191.
1127 1604 1131 1611 ·

542 1766 708 1830 amoma.

162 1944 198 2002 ln
218 1937 342 1999 simonia
367 1936 513 1996 contracta
532 1953 587 2013 pro
608 1934 751 1996 beneficio
764 1933 941 2013 acquirendo
957 1931 1051 2010 maior
1064 1933 1125 1993 Poa-

123 2023 315 2087 nitentiarius
339 2029 495 2086 morietur,
509 2021 597 2080 etiam
615 2020 647 2079 in
669 2020 781 2080 casibus
799 2019 935 2096 occultis,
957 2026 987 2078 et
1009 2018 1042 2078 in
1065 2018 1128 2080 loro

123 2106 333 2177 conscientiae,
357 2123 395 2164 ne
416 2105 538 2164 titulum
557 2103 690 2179 ejusdem
716 2104 852 2164 beneficii
873 2102 1053 2175 convalidet,
1071 2103 1127 2163 nisi

121 2191 201 2255 torti>
215 2199 318 2268 agatur
330 2188 368 2248 de
383 2189 529 2263 simonia,
543 2189 708 2267 ignorantia
718 2189 803 2262 tacti,
818 2190 865 2250 rel
872 2188 948 2266 juris
957 2188 1127 2258 commissis,

123 2287 154 2337 et
168 2284 286 2347 orator,
301 2273 520 2351 quamprimum
540 2274 571 2333 id
587 2273 978 2353 rescivit,dispensationem
990 2271 1128 2348 petierit3

125 2361 206 2439 quod
227 2359 303 2418 valet
316 2365 347 2419 et
365 2358 397 2417 in
415 2358 625 2435 pensionibus,
640 2359 671 2418 in
684 2359 792 2434 quibus
802 2358 926 2419 simonia
938 2356 1024 2416 realis
1035 2355 1128 2416 scien-

52 2456 54 2461 '
123 2454 172 2506 ter
187 2454 334 2514 contracta
345 2444 447 2504 inerit.
462 2442 544 2502 bulla
557 2444 667 2502 Pastor
684 2441 787 2503 bouus.

163 2528 380 2590 Abstinendum
397 2535 440 2586 est
451 2526 495 2585 illi
506 2524 623 2585 etiami
642 2526 855 2587 condonatione
865 2526 953 2605 pretii
965 2522 1128 2599 simoniaci,

124 2613 245 2691 quando
264 2615 295 2674 in
311 2612 466 2674 Ecclesiam
477 2611 574 2670 laesam
587 2654 597 2683 ,
610 2611 656 2668 vel
669 2628 810 2688 pauperes
828 2611 915 2670 debet
929 2611 1060 2690 erogari,
1072 2614 1129 2674 uisi

123 2699 212 2760 aliter
227 2699 346 2760 suadeat
359 2705 514 2776 paupertas
532 2695 781 2773 delinquentium.
796 2696 871 2755 lbid.
883 2694 911 2776 S.
924 2698 973 2757 95.

163 2784 223 2857 Qui
241 2782 398 2843 simoniace
419 2781 583 2841 intercessit
604 2798 657 2859 pro
674 2781 732 2841 alio
749 2781 786 2840 ad
809 2781 1027 2858 impetrandum
1040 2781 1130 2844 benc·

125 2867 248 2939 licitam,
264 2874 381 2927 tenetur
401 2866 432 2925 in
453 2864 619 2925 subsidium
638 2867 794 2926 restituere
817 2866 951 2926 Ecclesia
964 2909 973 2938 ‚
986 2867 1033 2926 vel
1056 2887 1129 2946 pau·

123 2951 247 3029 peribus
266 2952 378 3011 tructus
397 2948 414 3009 a
434 2949 621 3010 beneficiario
640 2949 898 3030 maldperccptos,
915 2959 990 3012 'ante
1011 2969 1129 3013 omnem

122 3036 312 3096 sententiam.
326 3037 398 3094 lnst.
412 3035 519 3095 Eccles.
534 3035 582 3093 19.
597 3053 628 3093 n.
642 3035 690 3094 lt.
751 3032 763 3087 ἶ
913 3051 916 3056 ·

164 3120 196 3180 si
214 3118 279 3195 quis
296 3115 422 3196 poscati
439 3119 469 3178 S.
489 3118 720 3197 Congrcgatione
738 3119 952 3183 absolutionem
972 3120 988 3181 b
1007 3121 1131 3184 simouid

124 3202 278 3265 commissi
290 3203 320 3262 in
340 3201 501 3262 obtinendo
516 3201 678 3276 beraeficio,
693 3204 852 3283 impetrare
861 3206 934 3266 solet
944 3207 1130 3286 rescriptum,

124 3295 159 3346 ut
171 3283 320 3359 dimittat,
334 3295 470 3359 moneat,
480 3295 508 3348 et
520 3287 672 3360 restituat,
685 3306 791 3368 nempe
801 3289 931 3349 dimittat
942 3289 1129 3362 beneficium,

27 3400 29 3425 t
123 3379 244 3431 moneat
264 3388 319 3448 pro
333 3370 519 3430 restitutione
533 3373 621 3450 pretii
640 3376 749 3451 accepti
763 3419 770 3446 ,
784 3375 917 3435 Ecclesiae
928 3375 975 3435 rel
994 3377 1138 3459 pauperi⁴

123 3452 180 3513 bus
199 3455 333 3514 restituat
346 3455 458 3514 tructus
474 3465 635 3533 perceptos.
647 3457 722 3526 ibid,
738 3476 769 3519 n.
785 3460 833 3518 19.

163 3536 195 3595 Sl
212 3536 284 3599 rard
302 3538 427 3599 siruonia
445 3541 599 3599 conimissa
616 3550 658 3599 est
674 3540 711 3601 ab
734 3543 832 3619 aliquo
846 3543 955 3616 tectio,
968 3543 1060 3606 inscio
1078 3545 1130 3606 be·

127 3618 296 3697 raciaciario,
312 3629 383 3681 tunc
403 3621 579 3682 rescribitur
595 3643 650 3702 pro
672 3626 904 3687 conlaudatione
924 3628 1023 3699 tituli,
1046 3628 1131 3687 dum·

127 3702 219 3766 inodo
236 3713 305 3769 aute
320 3705 546 3791 possessiouem,
572 3710 652 3788 quod
669 3712 746 3775 ualet
761 3730 793 3773 aa
815 3712 839 3771 si
857 3711 1022 3789 dicoretur,
1041 3710 1128 3772 modo
