2642 4167
152 300 212 363 tto
347 291 763 381 Epitomedoetriuoentoroiia
776 290 964 356 etcouom'ue

151 401 256 463 relieto
267 406 367 462 tamen
382 401 488 462 idoneo
499 399 660 461 substituto
671 443 679 468 ‚
692 398 780 475 idque
790 405 929 477 praestent
943 412 998 474 pet·
1014 391 1155 473 majorem

150 487 418 567 annipontem.1to
434 503 471 547 ex
487 484 567 547 deor.
583 487 614 546 S.
625 486 658 546 C.
671 486 703 547 C.
719 484 793 545 ibid.
808 502 839 544 n.
855 485 901 543 18.

529 654 767 715 nnsnttnnto.

190 828 270 889 Boua
291 823 455 887 immobilia
471 822 508 884 ab
530 820 664 884 hostibus
681 823 713 882 in
734 822 812 884 beilo
836 821 946 901 injusto
963 832 1063 904 eapte,
1085 828 1154 907 putb

151 911 168 972 b
182 909 301 990 piratis,
313 908 498 979 infidelibus,
513 906 658 968 baenetiois
678 917 749 980 ote,
762 909 786 967 si
807 918 945 968 emantur
962 905 978 967 b
1000 909 1154 985 fidelibus,

151 995 262 1056 debent
271 994 385 1054 restitui
396 992 516 1072 proprio
529 990 665 1063 domino,
675 992 758 1052 nulio
770 1003 871 1053 exacto
882 993 976 1072 pretio
985 993 1022 1053 ab
1036 996 1156 1074 eodem3

151 1078 233 1158 quod
251 1077 400 1138 decretum
422 1077 493 1137 olim
513 1076 569 1135 suit
590 1074 607 1135 b
625 1077 856 1153 Congregatione
878 1077 1070 1155 propagandae
1089 1080 1156 1139 fidei

152 1180 201 1223 an.
217 1163 304 1224 1650.
325 1179 455 1240 quorum
478 1161 649 1239 opinionem
673 1159 849 1222 Benedictus
868 1162 959 1223 XIV.
974 1162 1104 1223 admittit
1126 1167 1158 1226 in

154 1247 247 1324 Epist.
263 1245 300 1306 ud
313 1248 351 1307 P.
360 1241 520 1305 Nicolaum
528 1242 652 1305 Lerootu‘
658 1288 668 1314 ,
686 1246 875 1307 secretarium
885 1243 1015 1324 ejusdem
1029 1248 1159 1327 Congre-
1277 1251 1279 1254 ⁴

153 1332 289 1410 gationis.
313 1331 399 1406 Quod
416 1329 489 1392 vero
505 1329 541 1390 ad
562 1329 701 1401 mobilia,
721 1329 823 1391 endem
835 1332 1026 1413 congregatio
1045 1337 1160 1395 censuit

153 1416 333 1477 restituenda
365 1434 427 1476 esse
448 1414 485 1475 ab
513 1415 697 1493 emptoribus
721 1415 854 1493 legitimo
886 1415 1030 1488 domino,
1056 1426 1159 1478 exacto

155 1508 254 1560 tamen
268 1500 305 1559 ab
325 1499 546 1577 illummatio,
563 1516 623 1575 quo
635 1507 733 1577 empta
747 1508 835 1577 sunt3
858 1499 889 1559 in
900 1498 956 1559 hoo
967 1509 1067 1561 tamen
1077 1500 1159 1580 judi·

152 1583 234 1646 eium
246 1601 334 1646 saum
343 1581 516 1645 Benedictus
525 1583 614 1644 XIV.
628 1603 688 1644 non
704 1586 825 1663 profert.
838 1583 914 1644 lbid.

606 1754 714 1814 nnus,

192 1926 270 1985 Reus
280 1924 407 2004 juridiob
422 1925 619 2003 iuterrogatus
634 1924 667 1985 iu
681 1923 795 2001 jndioio
810 1922 957 1985 criminali
978 1936 1096 1990 tenetur
1107 1950 1160 1993 ve-

153 2008 492 2155 {ffiffimwisestm'
507 2017 542 2070 ut
561 2009 660 2070 innuit
676 2009 810 2070 Pontifex
826 2010 859 2070 in
872 2011 924 2071 suti
941 2011 1161 2077 buliaPoterno

509 2259 802 2325 stcntttennttnt.

194 2432 347 2495 Sententia
363 2447 495 2493 essemus
504 2476 514 2508 ,
530 2429 562 2491 in
574 2431 762 2491 sacramentis
775 2432 958 2494 eonienendis
970 2452 1031 2496 non
1047 2437 1161 2516 requiei

155 2519 188 2581 in
209 2519 346 2579 ministro
358 2516 553 2577 intentionem
562 2515 691 2594 aliquam
702 2515 826 2576 faciendi
835 2518 979 2597 quidquid
988 2520 1164 2583 iaoitEceie-
1204 2573 1209 2577 ,

156 2604 217 2675 sia,
236 2602 287 2662 sed
309 2599 424 2662 tannim
442 2599 600 2679 praestandi
622 2603 714 2660 ritum
739 2609 914 2679 externum,
934 2605 1016 2664 uulld
1038 2606 1162 2667 eonsund
1219 2662 1221 2664 ,

157 2688 194 2748 ob
206 2684 531 2766 Episcopiseoniigenda
542 2694 595 2746 est.
608 2688 651 2745 De
662 2687 733 2765 Syn.
750 2685 835 2745 dioee.
851 2687 872 2745 1.
884 2687 947 2748 7.e.
965 2690 994 2747 1.
1012 2692 1090 2749 nst).
1104 2691 1164 2750 Ve-

156 2769 226 2833 rium
245 2772 390 2831 contraria
411 2771 566 2840 tutior‚et
583 2769 707 2831 omnini)
726 2770 868 2829 sentienda
888 2771 921 2831 in
941 2775 1036 2850 praxi.
1064 2774 1163 2847 Quane

156 2857 181 2916 si
201 2854 272 2933 quid
289 2853 431 2931 ejusmodi
451 2856 627 2934 eontigerit,
643 2863 674 2914 et
690 2857 843 2915 necessitas
860 2865 963 2933 urgeat
975 2899 983 2928 ‚
997 2875 1164 2918 sacramen·

158 2950 225 3001 tum
246 2938 382 3018 baptismi
407 2940 628 3012 siccationem,
655 2938 711 2997 sub
742 2938 910 2999 conditione
931 2939 1041 3001 iteriim
1060 2943 1162 3021 pertici

157 3032 285 3104 oportet.
299 3021 427 3096 Quodsi
444 3042 491 3084 res
512 3023 682 3099 hujusmodi
695 3023 749 3100 sit,
765 3030 800 3083 ut
810 3041 924 3084 moram
935 3024 1083 3103 patiatur,
1098 3044 1163 3089 eon·
1237 3045 1241 3053 ⁴

156 3107 278 3169 sulendo
293 3116 337 3168 est
353 3107 440 3168 Sedes
453 3108 621 3187 apostolica.
638 3107 715 3169 lbid.

531 3285 777 3346 semitonium.

196 3452 327 3510 Tenetur
341 3452 498 3530 Episcopus
513 3472 663 3516 assumere
678 3455 734 3515 sibi
752 3454 908 3515 eonsilium
926 3456 1055 3519 duonum
1069 3458 1165 3520 deoa-

159 3531 277 3620 pituio‚
291 3550 419 3607 quonum
438 3535 514 3595 alten
530 3538 566 3598 ab
586 3541 745 3618 Episcopo,
759 3541 832 3599 elten
848 3538 865 3599 a
883 3540 1011 3618 eapituio
1024 3543 1163 3621 eligutur,

157 3615 230 3663 item
253 3611 382 3672 duorum
401 3615 438 3676 de
454 3620 533 3679 elenu
551 3622 691 3693 civitatis,
712 3642 839 3700 quorum
861 3623 982 3684 alterius
1002 3627 1105 3687 eiectio
1123 3628 1164 3688 ad

157 3684 268 3745 etenum
284 3704 412 3770 spectat,
427 3719 494 3775 quoe
514 3704 614 3763 omniu
631 3716 702 3766 sunt
717 3725 754 3766 ex
773 3726 837 3789 eup.
851 3710 899 3770 18.
913 3727 984 3771 sess.
999 3709 1092 3774 noete
1104 3710 1162 3791 ref.
