2642 4167
250 290 259 305 ,.
343 224 373 309 S,
386 225 437 289 tv.
451 227 495 289 De
505 223 675 309 frequentia
689 231 950 289 sacramentorum.
1104 231 1157 295 151

29 322 31 327 ¹
147 334 198 415 qui
210 348 352 413 magnam
376 348 445 410 erga
459 328 742 390 boesaerameutam
763 329 959 390 reverentiam
971 326 1158 407 babuerunt,

148 437 208 480 non
231 417 440 478 abstinuerunt
457 413 474 473 d
493 413 662 493 quotidiana
687 413 922 475 communione:
943 422 978 474 ut
1000 432 1157 478 consueve-

146 514 218 564 runt
244 504 277 563 S.
304 499 482 564 Gertrudia.
499 500 532 559 S.
559 499 724 576 flotberino
754 498 907 572 manses,
929 499 961 561 S.
995 497 1155 573 Tamusia,

145 590 184 647 B.
199 590 326 647 Jounno
340 585 375 646 de
390 581 542 653 Cbontol,
562 592 592 643 et
616 584 678 643 alii.
694 586 734 643 ‘Et
757 583 953 644 asserentibus
978 581 1066 644 bodie
1095 603 1155 645 nou

144 669 274 750 ampliirs
295 671 420 731 existere
433 667 484 728 bas
497 669 529 728 S.
547 667 700 729 Titaresios
712 713 720 736 ,
731 667 810 729 rertd
823 670 940 746 reponit
956 669 1033 729 idem
1050 671 1086 730 P.
1098 673 1156 730 Bo·

143 754 294 825 risonius,
308 751 504 816 temeritatem
523 752 599 814 hane
618 773 681 813 esse
699 773 864 832 supponere
885 753 964 833 qubd
985 753 1074 815 bodie
1092 775 1156 816 ma·

142 858 197 900 nus
213 840 337 901 Domini
357 840 396 901 sit
414 839 594 899 abbreviata.
620 841 658 898 V.
680 841 714 898 P.
733 838 878 920 illaqt'ster
893 838 981 899 Avila
1008 858 1068 900 non
1097 841 1154 900 du-

141 925 215 985 bitat
238 925 339 985 dieero
361 923 440 1001 qubd
464 924 507 982 illi
529 924 580 1000 qui
603 922 743 983 damnant
765 941 832 991 eos,
852 926 902 1001 qui
917 922 1024 1002 saepius
1043 923 1081 985 ad
1099 927 1155 987 Eu·

139 1010 309 1070 ebaristiom
328 1010 491 1080 secedunt,
517 1009 659 1068 daemonis
684 1009 779 1068 officio
801 1009 977 1086 iunguntur.

176 1095 248 1156 lbi.
261 1091 407 1154 Caterrim
421 1093 633 1153 considerando
653 1093 760 1153 relatas
772 1093 937 1165 doetrinae,
960 1093 1078 1154 videtur
1090 1111 1151 1155 non

138 1197 224 1259 posse
240 1178 371 1239 direetor
389 1178 453 1238 sine
479 1178 627 1256 scrupulo·
641 1195 748 1256 negare
762 1179 999 1237 communionem
1012 1179 1151 1257 frequen·

140 1272 199 1323 tem
220 1273 252 1324 et
279 1262 367 1323 etiam
389 1262 590 1339 quotidianam
604 1263 716 1341 (exeipe
727 1260 876 1322 ordinarie
892 1261 1043 1340 loquendo
1055 1280 1150 1337 unum

137 1349 216 1409 diem
241 1350 274 1407 in
288 1346 391 1426 quavis
405 1344 588 1406 bebdomada
602 1390 610 1418 ,
624 1356 658 1405 ut
670 1347 763 1406 terere
772 1346 867 1406 solent
880 1347 1040 1424 prudentes
1058 1347 1149 1424 aliqui

135 1433 320 1501 directores,
346 1438 377 1490 et
397 1431 498 1509 exetpe
521 1441 638 1509 tempus
659 1431 734 1491 illud
754 1449 813 1508 quo
839 1432 958 1509 privare
976 1432 1070 1491 velint
1087 1449 1150 1509 poe·

135 1517 265 1577 nitentes
288 1515 517 1583 communione,
539 1518 573 1573 ad
595 1515 779 1593 probandam
800 1532 903 1574 eorum
927 1514 1148 1585 obedientiam,

134 1612 185 1660 ant
200 1599 426 1667 humilitatem,
444 1599 687 1677 autobaliquam
708 1599 797 1658 aliam
811 1597 923 1674 justam
942 1596 1147 1674 oausamlqui·

133 1683 259 1744 busdam
280 1678 435 1743 animabus
457 1701 522 1743 eam
538 1684 795 1751 desiderantibus,
812 1690 847 1741 ut
870 1682 1027 1760 proficiant
1047 1683 1078 1740 in
1101 1680 1149 1743 di·

132 1769 204 1830 rino
217 1786 342 1843 amore3
360 1785 477 1845 semper
489 1767 559 1830 verb
583 1788 616 1829 ae
633 1770 682 1830 illa
703 1766 832 1827 vivendo
852 1767 976 1825 alienata
990 1765 1027 1825 ab
1041 1765 1146 1826 affeetu

133 1853 347 1932 eujnseumque
366 1853 461 1930 eulpae
478 1854 626 1927 venialis,
647 1853 792 1915 incumbit
806 1853 925 1931 insuper
942 1850 1068 1913 multum
1080 1870 1147 1912 ora·

132 1940 206 2001 tioni
228 1937 371 2006 mentali,
389 1944 420 1998 et
436 1948 559 1998 conatur
578 1940 699 2000 tendere
718 1940 755 2000 ad
779 1939 1011 2019 perlectionem
1028 1945 1059 1998 et
1081 1954 1146 1997 am·

132 2022 212 2102 plibs
235 2041 297 2082 non
316 2022 427 2082 labitur
453 2024 485 2083 in
511 2034 647 2102 peecata,
669 2025 761 2084 etiam
788 2024 912 2084 venialia
937 2022 1023 2104 pleni
1043 2027 1145 2089 rolon-

131 2110 218 2169 taria.
236 2109 304 2168 llaee
319 2109 418 2178 enim,
434 2117 470 2168 ut
478 2110 519 2168 ait
530 2112 561 2170 S.
575 2113 720 2190 Prosper,
739 2116 783 2170 eat
797 2109 952 2188 perfectio,
969 2130 1035 2190 quae
1047 2121 1144 2191 potest

131 2193 161 2255 ln
183 2191 241 2253 bae
259 2193 319 2250 vita
339 2190 463 2263 baberi,
483 2196 593 2254 attenti
614 2194 744 2256 humani
766 2195 933 2273 tragilitate.
960 2197 996 2255 Et
1024 2197 1143 2277 quando
1201 2202 1205 2211 '

131 2275 328 2337 confessarius
346 2277 421 2336 utile
445 2295 507 2337 esse
534 2282 704 2357 cognoverit
725 2281 883 2341 eaneedere
902 2281 1143 2341 communionem

130 2362 319 2440 frequentem
342 2359 490 2422 similibus
516 2365 672 2443 personis,
695 2366 794 2444 inquit
813 2365 1003 2425 Innocentius
1024 2366 1086 2425 XI.
1110 2365 1143 2425 in

130 2464 184 2506 suo
202 2447 348 2515 Decreta,
367 2444 444 2505 nibil
462 2446 600 2520 obstare,
618 2448 699 2529 qudd
725 2451 785 2510 sint
806 2451 894 2509 etiam
922 2450 1141 2525 negotiatores,

130 2536 161 2589 et
178 2527 343 2605 conjugati.
371 2529 415 2589 lin
440 2528 505 2607 ejtrs
530 2534 619 2592 verba
643 2555 651 2592 ε
679 2535 826 2612 Frequens
847 2532 895 2612 (nd
917 2530 1141 2607 Eucharistian)

130 2630 264 2675 euasura
282 2610 529 2692 confessariorum
545 2616 663 2699 judicio
696 2624 740 2675 eat
765 2614 998 2692 relinquendus,
1021 2616 1076 2692 qui
1104 2632 1142 2674 aa

129 2695 542 2778 cmtsoientiarumpuritote,
557 2709 586 2761 et
602 2694 777 2780 frequentia
797 2697 917 2776 srurtu,
936 2704 965 2755 et
988 2696 1027 2756 od
1044 2700 1142 2779 pretu-

129 2789 187 2843 tem
202 2797 343 2860 processu
359 2777 463 2857 iaicas,
478 2783 708 2865 rreqotr'utoribus
721 2826 729 2854 ,
744 2790 773 2841 et
784 2778 967 2861 ronjupatia,
980 2780 1060 2862 quod
1072 2801 1142 2862 pru·

127 2863 264 3011 qqq'eiunt
281 2880 383 2947 aarum
402 2862 496 2927 soluti
520 2868 733 2949 profuturum,
753 2863 786 2926 id
806 2864 867 2927 illis
887 2865 1071 2947 proscribere
1091 2865 1141 2927 de·
1221 2924 1224 2933 t

182 2955 248 3008 unt.

168 3035 240 3094 tos.
260 3033 297 3092 Et
309 3035 444 3111 quamvis
457 3036 554 3096 anima
568 3037 665 3115 aliqua
677 3037 792 3098 eederet
804 3035 962 3116 aliquando
976 3036 1008 3096 in
1025 3035 1141 3098 veniale

128 3124 285 3197 peecatum
307 3116 567 3181 voluntarium‘ob
588 3140 700 3182 meram
719 3122 928 3202 fragilitatem,
946 3120 997 3180 sed
1013 3120 1139 3200 eitbpo-
1172 3194 1174 3198 ·
1212 3142 1235 3149 '·

126 3210 190 3265 stea
213 3199 349 3270 doleret,
363 3204 658 3285 emendationemque
679 3215 878 3286 proponerem
899 3205 923 3265 si
939 3206 1138 3275 deindeeom·
1252 3244 1254 3249 ·

127 3285 308 3347 munionem
329 3284 509 3349 desideraret
532 3290 569 3350 ad
596 3293 688 3352 robur
707 3290 911 3369 aoeipieadum
934 3287 950 3348 ia
972 3307 1138 3353 sacramen·

126 3379 189 3443 to,
218 3385 259 3429 ne
286 3367 396 3448 cedat,
421 3381 451 3432 et
466 3373 504 3434 ad
529 3375 778 3454 progrediendum
804 3375 837 3433 in
855 3373 903 3432 via
925 3374 1136 3452 perfeetionis,

126 3471 259 3533 quanam
281 3452 424 3516 derauso
445 3459 473 3519 ei
491 3470 565 3520 esset
586 3459 755 3540 deneganda
780 3457 974 3518 eommunia?
995 3462 1137 3525 manaa

124 3535 471 3635 impetrauerant.
490 3545 579 3607 vm.
593 3545 755 3625 propositio
766 3545 815 3605 22.
831 3541 911 3621 Baji,
923 3562 988 3622 quta
999 3545 1134 3609 diaebat=

125 3618 271 3705 Sumtus
291 3631 365 3686 aunt
384 3625 548 3708 judicandi
567 3627 622 3710 qni
645 3628 701 3712 jus
723 3625 764 3690 nt
789 3626 1020 3703 mrrtmunionenr
1042 3630 1137 3714 perri·
