2642 4167
384 198 445 258 'Ea
461 195 757 278 mutuaenutuae·
775 201 863 262 XIV.
1078 208 1134 277 557

240 421 429 485 EXEGUTIO
450 422 707 485 Pnovtstortutt
724 425 847 486 CURIAE
859 427 1036 490 ROMANAE.

170 621 205 679 lo
219 617 300 678 bulla
309 614 475 678 Pastoralie
489 615 641 695 repimiois
652 661 660 683 ,
671 617 820 676 ferirentur
836 610 1136 682 excommunicatione

131 701 268 764 Pontifici
287 703 419 760 Romano
440 701 604 770 reservati,
622 701 686 759 laici
714 701 908 777 impedientes
936 705 1137 765 executionem

131 787 339 847 mendatorum
353 828 360 850 ,
375 785 568 852 citationum,
588 784 772 861 aliarumque
786 787 987 863 provisionum
1000 789 1137 850 Romane

130 872 221 931 euriae
233 891 241 928 z
254 878 283 929 et
302 868 344 927 illi
360 869 528 946 pariterqui
544 868 771 945 impedientibus
781 868 951 945 hujusmodi
972 872 1136 943 auxilium,

131 954 287 1014 consilium
307 952 353 1010 rol
374 952 501 1009 levorem
526 962 664 1029 praestant
686 973 694 1009 ι
716 953 872 1029 Regulares
900 953 970 1014 vead
996 963 1026 1014 et
1046 958 1137 1016 eoele-

130 1036 238 1097 siastici
258 1036 475 1111 suspensionem
497 1035 561 1112 ipso
580 1036 654 1094 Iacto
669 1036 845 1109 incurrunt,
863 1046 923 1097 tam
945 1038 981 1098 eb
998 1039 1136 1099 exercitio

131 1117 374 1194 ordinumquim
397 1118 584 1189 ciliciorum,
603 1138 669 1195 quae
692 1120 786 1178 ambae
803 1138 933 1180 censurae
955 1131 1024 1181 sunt
1042 1141 1136 1183 aeser-

130 1212 207 1263 vetae
226 1203 356 1260 Romano
377 1201 523 1260 Pontifici.
546 1204 658 1263 Notarii
688 1201 758 1262 veria
779 1204 840 1262 sive
865 1204 1033 1264 tabelliones
1052 1225 1136 1265 recu·

130 1297 229 1347 santes
249 1285 342 1345 Iacere
357 1282 524 1360 hujusmodi
547 1287 747 1364 provisionum
761 1296 790 1345 et
809 1289 1012 1348 executionum
1026 1290 1136 1349 iustru-

129 1369 363 1452 montepublico
379 1369 415 1427 ad
437 1369 605 1429 instantiam
628 1372 739 1450 partis,
758 1372 913 1449 privantur
933 1374 1029 1435 officio
1054 1384 1137 1436 nota-

130 1453 226 1534 rietus
238 1462 268 1513 et
282 1453 404 1513 infames
425 1453 621 1515 declarantur.

546 1655 729 1728 manure.

168 1856 201 1917 Si
227 1863 350 1917 testetur
365 1854 486 1932 jusserit
505 1853 665 1931 sepultura>
688 1853 819 1914 mandari
841 1872 946 1932 corpus
967 1873 1053 1917 suum
1071 1859 1135 1920 sine

130 1941 269 2022 precibus
281 1986 289 2009 ‚
301 1950 331 2001 et
347 1940 466 2018 psalmis
480 1948 510 1997 et
525 1938 642 2006 missis,
658 1940 846 1998 associatione
862 1939 1051 2008 clericorum,
1068 1960 1136 2002 can·

129 2027 205 2087 dolis
218 2026 386 2085 ardentibus
400 2023 481 2101 ‚ejus
498 2025 631 2082 voluntas
644 2038 703 2082 non
718 2034 760 2083 est
771 2024 965 2095 attondenda,
983 2036 1016 2085 ut
1027 2027 1134 2090 decidit

129 2111 161 2171 S.
179 2112 254 2169 Rota
266 2128 361 2168 eoram
373 2111 499 2168 alloliaes
519 2110 548 2166 in
572 2109 702 2168 Romana
723 2110 911 2168 Funeralium
931 2110 980 2171 die
1001 2113 1038 2171 to
1052 2114 1133 2173 lunii

128 2193 421 2255 tetendissent.
443 2194 492 2252 56.
520 2211 551 2250 n.
572 2193 620 2250 22.

167 2278 303 2339 Clemens
332 2278 383 2336 XI.
416 2275 567 2336 mandavit
597 2276 628 2334 in
650 2276 747 2336 edicto
766 2276 891 2354 legendo
916 2279 947 2338 in
968 2278 1031 2356 ejus
1050 2281 1128 2340 Bull.

128 2380 198 2441 pag.
216 2364 294 2435 517,
313 2369 346 2419 ut
362 2361 392 2419 in
411 2361 599 2420 associatione
616 2361 727 2419 Iuoeris
750 2361 959 2437 cujuscumque
981 2371 1135 2423 serventur

129 2446 208 2524 leges
228 2444 351 2505 Ritualis
364 2447 485 2504 Romani
501 2444 531 2502 in
548 2444 594 2501 tit.
612 2446 656 2501 De
675 2444 833 2522 exequiis,
846 2442 872 2521 §-
889 2446 1051 2504 Constituto
1065 2455 1136 2505 teat·

126 2548 209 2611 pore.
222 2530 298 2590 Fieri
315 2538 411 2589 tamen
423 2536 533 2606 potest,
548 2537 581 2586 ut
592 2527 622 2584 in
636 2526 735 2602 aliquo
745 2528 886 2601 singulari
896 2546 996 2586 rerum
1012 2530 1135 2589 articulo

129 2614 455 2674 cadaverdelecendum
475 2614 513 2670 sit
527 2612 613 2670 aliter
624 2608 710 2685 quim
725 2608 893 2687 praescribat
909 2611 1042 2686 Rituole;
1055 2612 1134 2688 quod

128 2707 230 2758 tomen
250 2697 314 2757 lieri
335 2715 394 2757 non
412 2697 499 2756 debet
513 2696 622 2771 absque
639 2693 773 2770 Episcopi
788 2691 929 2761 scientie,
950 2703 983 2752 ut
998 2712 1034 2753 ex
1044 2714 1089 2771 gr.
1109 2698 1134 2756 si

127 2780 322 2842 deserendum
351 2782 389 2840 sit
421 2781 543 2840 cadaver
565 2779 596 2837 in
620 2795 708 2836 curru
734 2786 835 2845 tecto,
861 2775 940 2854 quod
961 2777 1036 2856 saepe
1064 2777 1134 2837 aliis

128 2865 284 2942 prohibuit
296 2865 326 2924 S.
339 2866 372 2925 C.
387 2865 465 2942 apud
478 2867 568 2923 Petro
586 2862 616 2920 io
636 2861 761 2921 Constit.
782 2861 883 2937 Apost.

167 2949 292 3010 Perochi
311 2951 484 3019 associantes
505 2948 594 3007 sunus
611 2947 648 3005 ad
668 2947 822 3006 Ecclesiam
836 2944 1026 3023 Regulerium
1041 2949 1133 3007 arceri

128 3051 190 3095 non
203 3043 326 3113 possunt
344 3033 382 3092 ab
409 3034 538 3110 ingressu
556 3032 688 3090 Ecclesiae
701 3032 780 3090 illius
797 3048 864 3089 cum
886 3047 972 3089 eruee
991 3037 1021 3090 ct
1036 3032 1131 3103 stoli,

128 3126 163 3177 ut
183 3135 221 3177 ex
233 3116 314 3176 batte
326 3117 478 3177 Pretiosos
491 3112 601 3175 Bened.
616 3117 711 3176 XIII.
724 3114 800 3174 lbid.
811 3133 842 3174 o.
857 3115 905 3174 26.

166 3199 314 3261 &devera
341 3199 552 3272 sacerdotum,
576 3199 796 3268 diaconorum,
830 3206 861 3259 et
887 3198 1133 3258 subdiaconorum

127 3286 236 3364 exponi
249 3302 310 3345 ooo
324 3291 446 3363 possunt
459 3286 489 3343 io
502 3283 644 3353 Ecclesia,
656 3283 712 3341 alid
724 3284 827 3342 indute
840 3291 939 3356 veste,
951 3282 1039 3362 quim
1055 3285 1134 3342 sacci

127 3370 175 3429 sui
198 3368 310 3429 ordinis
325 3411 334 3442 ,
347 3378 381 3430 ut
395 3386 432 3428 ex
450 3367 567 3428 decreto
590 3365 743 3428 etaemus
753 3370 813 3443 XI.
827 3368 902 3429 ibid.

172 3669 326 3737 TouaIX·
