<?xml version="1.0" encoding="UTF-8"?>
<!DOCTYPE html PUBLIC "-//W3C//DTD XHTML 1.0 Transitional//EN"
    "http://www.w3.org/TR/xhtml1/DTD/xhtml1-transitional.dtd">
<html xmlns="http://www.w3.org/1999/xhtml" xml:lang="en" lang="en">
 <head>
  <title>
</title>
<meta http-equiv="Content-Type" content="text/html;charset=utf-8" />
  <meta name='ocr-system' content='tesseract 3.04.00' />
  <meta name='ocr-capabilities' content='ocr_page ocr_carea ocr_par ocr_line ocrx_word'/>
</head>
<body>
  <div class='ocr_page' id='page_1' title='image "./theologiamorali05heilgoog_0357.png"; bbox 0 0 2642 4167; ppageno 0'>
   <div class='ocr_carea' id='block_1_1' title="bbox 384 312 1117 393">
    <p class='ocr_par' dir='ltr' id='par_1_1' title="bbox 384 312 1117 393">
     <span class='ocr_line' id='line_1_1' title="bbox 384 312 1117 393; baseline 0.005 -20"><span class='ocrx_word' id='word_1_1' title='bbox 384 315 432 373; x_wconf 81' lang='lat' dir='ltr'><strong>Ea</strong></span> <span class='ocrx_word' id='word_1_2' title='bbox 444 312 577 393; x_wconf 80' lang='lat' dir='ltr'><strong>operibus</strong></span> <span class='ocrx_word' id='word_1_3' title='bbox 589 312 741 373; x_wconf 83' lang='lat' dir='ltr'><strong>Berrrdicti</strong></span> <span class='ocrx_word' id='word_1_4' title='bbox 751 312 802 375; x_wconf 81' lang='lat' dir='ltr'><strong>XI</strong></span> <span class='ocrx_word' id='word_1_5' title='bbox 806 313 841 374; x_wconf 80' lang='lat' dir='ltr'><strong>V.</strong></span> <span class='ocrx_word' id='word_1_6' title='bbox 1057 316 1117 377; x_wconf 51' lang='lat'><strong>553*</strong></span> 
     </span>
    </p>
   </div>
   <div class='ocr_carea' id='block_1_2' title="bbox 100 411 1204 3090">
    <p class='ocr_par' dir='ltr' id='par_1_2' title="bbox 104 411 1204 2068">
     <span class='ocr_line' id='line_1_2' title="bbox 112 411 1116 493; baseline 0.001 -17"><span class='ocrx_word' id='word_1_7' title='bbox 112 415 259 477; x_wconf 74' lang='lat' dir='ltr'><strong>blirliadlis</strong></span> <span class='ocrx_word' id='word_1_8' title='bbox 281 411 478 493; x_wconf 76' lang='lat' dir='ltr'><strong>Archangeli,</strong></span> <span class='ocrx_word' id='word_1_9' title='bbox 500 423 530 474; x_wconf 90' lang='lat' dir='ltr'><strong>et</strong></span> <span class='ocrx_word' id='word_1_10' title='bbox 559 415 590 473; x_wconf 92' lang='lat' dir='ltr'><strong>in</strong></span> <span class='ocrx_word' id='word_1_11' title='bbox 613 416 687 475; x_wconf 85' lang='lat' dir='ltr'><strong>testo</strong></span> <span class='ocrx_word' id='word_1_12' title='bbox 713 417 849 476; x_wconf 89' lang='lat' dir='ltr'><strong>omnium</strong></span> <span class='ocrx_word' id='word_1_13' title='bbox 874 416 1047 477; x_wconf 89' lang='lat' dir='ltr'><strong>Sanctorum</strong></span> <span class='ocrx_word' id='word_1_14' title='bbox 1066 462 1074 483; x_wconf 88' lang='grc'>,</span> <span class='ocrx_word' id='word_1_15' title='bbox 1090 419 1116 478; x_wconf 89' lang='lat' dir='ltr'><strong>si</strong></span> 
     </span>
     <span class='ocr_line' id='line_1_3' title="bbox 111 498 1117 576; baseline 0.001 -17"><span class='ocrx_word' id='word_1_16' title='bbox 111 500 295 560; x_wconf 67' lang='lat' dir='ltr'><strong>visitaverint</strong></span> <span class='ocrx_word' id='word_1_17' title='bbox 307 499 460 557; x_wconf 80' lang='lat' dir='ltr'><strong>Ecclesiam</strong></span> <span class='ocrx_word' id='word_1_18' title='bbox 472 498 599 576; x_wconf 82' lang='lat' dir='ltr'><strong>aliquam</strong></span> <span class='ocrx_word' id='word_1_19' title='bbox 613 499 751 568; x_wconf 78' lang='lat' dir='ltr'><strong>Ordinis,</strong></span> <span class='ocrx_word' id='word_1_20' title='bbox 765 500 789 557; x_wconf 82' lang='lat' dir='ltr'><strong>si</strong></span> <span class='ocrx_word' id='word_1_21' title='bbox 803 499 843 558; x_wconf 89' lang='lat' dir='ltr'><strong>ibi</strong></span> <span class='ocrx_word' id='word_1_22' title='bbox 856 501 894 559; x_wconf 91' lang='lat' dir='ltr'><strong>sit</strong></span> <span class='ocrx_word' id='word_1_23' title='bbox 904 545 911 564; x_wconf 87' lang='grc'>,</span> <span class='ocrx_word' id='word_1_24' title='bbox 923 510 951 559; x_wconf 88' lang='lat' dir='ltr'><strong>et</strong></span> <span class='ocrx_word' id='word_1_25' title='bbox 961 501 992 560; x_wconf 88' lang='lat' dir='ltr'><strong>in</strong></span> <span class='ocrx_word' id='word_1_26' title='bbox 1004 500 1117 560; x_wconf 85' lang='lat' dir='ltr'><strong>deiectu</strong></span> 
     </span>
     <span class='ocr_line' id='line_1_4' title="bbox 111 578 1204 660; baseline 0 -18"><span class='ocrx_word' id='word_1_27' title='bbox 111 583 344 660; x_wconf 86' lang='lat' dir='ltr'><strong>unamaliquam</strong></span> <span class='ocrx_word' id='word_1_28' title='bbox 358 582 505 652; x_wconf 87' lang='lat' dir='ltr'><strong>civitatis,</strong></span> <span class='ocrx_word' id='word_1_29' title='bbox 527 578 577 641; x_wconf 84' lang='lat' dir='ltr'><strong>rel¹</strong></span> <span class='ocrx_word' id='word_1_30' title='bbox 596 583 651 642; x_wconf 89' lang='lat' dir='ltr'><strong>loci</strong></span> <span class='ocrx_word' id='word_1_31' title='bbox 673 583 724 640; x_wconf 89' lang='lat' dir='ltr'><strong>ubi</strong></span> <span class='ocrx_word' id='word_1_32' title='bbox 743 581 865 659; x_wconf 88' lang='lat' dir='ltr'><strong>dogunt.</strong></span> <span class='ocrx_word' id='word_1_33' title='bbox 879 584 997 642; x_wconf 82' lang='lat' dir='ltr'><strong>Caeterae</strong></span> <span class='ocrx_word' id='word_1_34' title='bbox 1020 584 1118 642; x_wconf 90' lang='lat' dir='ltr'><strong>indul·</strong></span> <span class='ocrx_word' id='word_1_35' title='bbox 1202 622 1204 624; x_wconf 95' lang='lat'>-</span> 
     </span>
     <span class='ocr_line' id='line_1_5' title="bbox 107 664 1116 743; baseline 0.002 -19"><span class='ocrx_word' id='word_1_36' title='bbox 107 668 216 742; x_wconf 83' lang='lat' dir='ltr'><strong>gantiae</strong></span> <span class='ocrx_word' id='word_1_37' title='bbox 237 665 346 725; x_wconf 82' lang='lat' dir='ltr'><strong>omrlcm</strong></span> <span class='ocrx_word' id='word_1_38' title='bbox 361 664 483 725; x_wconf 78' lang='lat' dir='ltr'><strong>omnini)</strong></span> <span class='ocrx_word' id='word_1_39' title='bbox 506 675 575 724; x_wconf 90' lang='lat' dir='ltr'><strong>sant</strong></span> <span class='ocrx_word' id='word_1_40' title='bbox 593 684 626 724; x_wconf 91' lang='lat' dir='ltr'><strong>ac</strong></span> <span class='ocrx_word' id='word_1_41' title='bbox 651 666 818 743; x_wconf 76' lang='lat' dir='ltr'><strong>superiores</strong></span> <span class='ocrx_word' id='word_1_42' title='bbox 839 684 893 743; x_wconf 86' lang='lat' dir='ltr'><strong>pro</strong></span> <span class='ocrx_word' id='word_1_43' title='bbox 919 668 1070 727; x_wconf 82' lang='lat' dir='ltr'><strong>&#39;l&#39;ertiariis</strong></span> <span class='ocrx_word' id='word_1_44' title='bbox 1085 670 1116 726; x_wconf 87' lang='lat' dir='ltr'><strong>S.</strong></span> 
     </span>
     <span class='ocr_line' id='line_1_6' title="bbox 111 748 1119 829; baseline 0.002 -20"><span class='ocrx_word' id='word_1_45' title='bbox 111 750 256 809; x_wconf 84' lang='lat' dir='ltr'><strong>Francisci</strong></span> <span class='ocrx_word' id='word_1_46' title='bbox 276 748 454 808; x_wconf 70' lang='lat' dir='ltr'><strong>assisiensis.</strong></span> <span class='ocrx_word' id='word_1_47' title='bbox 470 749 572 822; x_wconf 85' lang='lat' dir='ltr'><strong>Quoad</strong></span> <span class='ocrx_word' id='word_1_48' title='bbox 594 749 767 826; x_wconf 86' lang='lat' dir='ltr'><strong>Cordigeros</strong></span> <span class='ocrx_word' id='word_1_49' title='bbox 787 750 886 810; x_wconf 77' lang='lat' dir='ltr'><strong>Sancti</strong></span> <span class='ocrx_word' id='word_1_50' title='bbox 910 752 1053 811; x_wconf 84' lang='lat' dir='ltr'><strong>Francisci</strong></span> <span class='ocrx_word' id='word_1_51' title='bbox 1081 751 1119 829; x_wconf 82' lang='lat' dir='ltr'><strong>de</strong></span> 
     </span>
     <span class='ocr_line' id='line_1_7' title="bbox 110 832 1119 911; baseline 0.002 -20"><span class='ocrx_word' id='word_1_52' title='bbox 110 834 199 892; x_wconf 86' lang='lat' dir='ltr'><strong>Paula</strong></span> <span class='ocrx_word' id='word_1_53' title='bbox 217 833 369 911; x_wconf 78' lang='lat' dir='ltr'><strong>cingulum</strong></span> <span class='ocrx_word' id='word_1_54' title='bbox 399 832 606 893; x_wconf 73' lang='lat' dir='ltr'><strong>tantummodi&gt;</strong></span> <span class='ocrx_word' id='word_1_55' title='bbox 631 833 819 892; x_wconf 88' lang='lat' dir='ltr'><strong>benedictum</strong></span> <span class='ocrx_word' id='word_1_56' title='bbox 842 834 879 892; x_wconf 91' lang='lat' dir='ltr'><strong>ab</strong></span> <span class='ocrx_word' id='word_1_57' title='bbox 903 835 1003 911; x_wconf 91' lang='lat' dir='ltr'><strong>aliquo</strong></span> <span class='ocrx_word' id='word_1_58' title='bbox 1029 835 1119 893; x_wconf 82' lang='lat' dir='ltr'><strong>fratre</strong></span> 
     </span>
     <span class='ocr_line' id='line_1_8' title="bbox 110 915 1118 995; baseline 0.002 -20"><span class='ocrx_word' id='word_1_59' title='bbox 110 917 175 992; x_wconf 76' lang='lat' dir='ltr'><strong>ojus</strong></span> <span class='ocrx_word' id='word_1_60' title='bbox 197 917 340 985; x_wconf 89' lang='lat' dir='ltr'><strong>Ordinis,</strong></span> <span class='ocrx_word' id='word_1_61' title='bbox 359 916 406 974; x_wconf 81' lang='lat' dir='ltr'><strong>acl</strong></span> <span class='ocrx_word' id='word_1_62' title='bbox 429 917 467 974; x_wconf 88' lang='lat' dir='ltr'><strong>ab</strong></span> <span class='ocrx_word' id='word_1_63' title='bbox 486 917 543 975; x_wconf 92' lang='lat' dir='ltr'><strong>alio</strong></span> <span class='ocrx_word' id='word_1_64' title='bbox 566 915 739 995; x_wconf 82' lang='lat' dir='ltr'><strong>deputatola</strong></span> <span class='ocrx_word' id='word_1_65' title='bbox 764 917 966 994; x_wconf 88' lang='lat' dir='ltr'><strong>superioribus</strong></span> <span class='ocrx_word' id='word_1_66' title='bbox 988 917 1118 992; x_wconf 90' lang='lat' dir='ltr'><strong>ejusdcm</strong></span> 
     </span>
     <span class='ocr_line' id='line_1_9' title="bbox 109 999 1119 1075; baseline 0.001 -16"><span class='ocrx_word' id='word_1_67' title='bbox 109 1000 232 1069; x_wconf 86' lang='lat' dir='ltr'><strong>Ordinis</strong></span> <span class='ocrx_word' id='word_1_68' title='bbox 241 999 424 1070; x_wconf 83' lang='lat' dir='ltr'><strong>deserentes,</strong></span> <span class='ocrx_word' id='word_1_69' title='bbox 444 999 513 1069; x_wconf 89' lang='lat' dir='ltr'><strong>die,</strong></span> <span class='ocrx_word' id='word_1_70' title='bbox 529 1002 586 1075; x_wconf 77' lang='lat' dir='ltr'><strong>qaia</strong></span> <span class='ocrx_word' id='word_1_71' title='bbox 602 1000 753 1074; x_wconf 79' lang='lat' dir='ltr'><strong>cingulum</strong></span> <span class='ocrx_word' id='word_1_72' title='bbox 769 1011 922 1060; x_wconf 89' lang='lat' dir='ltr'><strong>assumant</strong></span> <span class='ocrx_word' id='word_1_73' title='bbox 937 1000 1058 1061; x_wconf 78' lang='lat' dir='ltr'><strong>confessi</strong></span> <span class='ocrx_word' id='word_1_74' title='bbox 1069 1046 1077 1073; x_wconf 93' lang='lat'><strong>,</strong></span> <span class='ocrx_word' id='word_1_75' title='bbox 1089 1011 1119 1060; x_wconf 89' lang='lat' dir='ltr'><strong>et</strong></span> 
     </span>
     <span class='ocr_line' id='line_1_10' title="bbox 110 1081 1118 1159; baseline 0.005 -20"><span class='ocrx_word' id='word_1_76' title='bbox 110 1082 195 1140; x_wconf 83' lang='lat' dir='ltr'><strong>sarad</strong></span> <span class='ocrx_word' id='word_1_77' title='bbox 215 1083 422 1151; x_wconf 84' lang='lat' dir='ltr'><strong>commuuione</strong></span> <span class='ocrx_word' id='word_1_78' title='bbox 450 1082 550 1140; x_wconf 86' lang='lat' dir='ltr'><strong>relecti</strong></span> <span class='ocrx_word' id='word_1_79' title='bbox 583 1081 747 1159; x_wconf 89' lang='lat' dir='ltr'><strong>plenariam</strong></span> <span class='ocrx_word' id='word_1_80' title='bbox 771 1084 984 1158; x_wconf 84' lang='lat' dir='ltr'><strong>indulgentiam</strong></span> <span class='ocrx_word' id='word_1_81' title='bbox 1017 1103 1118 1145; x_wconf 86' lang='lat' dir='ltr'><strong>eonse-</strong></span> 
     </span>
     <span class='ocr_line' id='line_1_11' title="bbox 110 1165 1118 1242; baseline 0.004 -21"><span class='ocrx_word' id='word_1_82' title='bbox 110 1172 265 1241; x_wconf 85' lang='lat' dir='ltr'><strong>qauatur,</strong></span> <span class='ocrx_word' id='word_1_83' title='bbox 280 1165 356 1223; x_wconf 89' lang='lat' dir='ltr'><strong>sicut</strong></span> <span class='ocrx_word' id='word_1_84' title='bbox 372 1174 402 1223; x_wconf 90' lang='lat' dir='ltr'><strong>et</strong></span> <span class='ocrx_word' id='word_1_85' title='bbox 424 1165 584 1242; x_wconf 87' lang='lat' dir='ltr'><strong>plenariam</strong></span> <span class='ocrx_word' id='word_1_86' title='bbox 601 1167 631 1221; x_wconf 92' lang='lat' dir='ltr'><strong>in</strong></span> <span class='ocrx_word' id='word_1_87' title='bbox 652 1168 737 1224; x_wconf 79' lang='lat' dir='ltr'><strong>Festo</strong></span> <span class='ocrx_word' id='word_1_88' title='bbox 754 1167 784 1225; x_wconf 86' lang='lat' dir='ltr'><strong>S.</strong></span> <span class='ocrx_word' id='word_1_89' title='bbox 801 1167 945 1225; x_wconf 85' lang='lat' dir='ltr'><strong>Francisei</strong></span> <span class='ocrx_word' id='word_1_90' title='bbox 958 1166 995 1226; x_wconf 88' lang='lat' dir='ltr'><strong>de</strong></span> <span class='ocrx_word' id='word_1_91' title='bbox 1009 1169 1118 1239; x_wconf 87' lang='lat' dir='ltr'><strong>Paula,</strong></span> 
     </span>
     <span class='ocr_line' id='line_1_12' title="bbox 109 1247 1117 1325; baseline 0.006 -21"><span class='ocrx_word' id='word_1_92' title='bbox 109 1248 262 1307; x_wconf 72' lang='lat' dir='ltr'><strong>visitantes</strong></span> <span class='ocrx_word' id='word_1_93' title='bbox 272 1257 305 1306; x_wconf 91' lang='lat' dir='ltr'><strong>at</strong></span> <span class='ocrx_word' id='word_1_94' title='bbox 323 1247 410 1325; x_wconf 80' lang='lat' dir='ltr'><strong>supr-d</strong></span> <span class='ocrx_word' id='word_1_95' title='bbox 425 1268 477 1323; x_wconf 89' lang='lat' dir='ltr'><strong>;ac</strong></span> <span class='ocrx_word' id='word_1_96' title='bbox 487 1249 616 1324; x_wconf 88' lang='lat' dir='ltr'><strong>denique</strong></span> <span class='ocrx_word' id='word_1_97' title='bbox 631 1250 793 1325; x_wconf 88' lang='lat' dir='ltr'><strong>plenariam</strong></span> <span class='ocrx_word' id='word_1_98' title='bbox 812 1250 842 1307; x_wconf 92' lang='lat' dir='ltr'><strong>in</strong></span> <span class='ocrx_word' id='word_1_99' title='bbox 856 1251 980 1310; x_wconf 89' lang='lat' dir='ltr'><strong>articulo</strong></span> <span class='ocrx_word' id='word_1_100' title='bbox 997 1253 1117 1322; x_wconf 88' lang='lat' dir='ltr'><strong>mortis,</strong></span> 
     </span>
     <span class='ocr_line' id='line_1_13' title="bbox 110 1332 1119 1409; baseline 0.002 -17"><span class='ocrx_word' id='word_1_101' title='bbox 110 1350 147 1392; x_wconf 88' lang='lat' dir='ltr'><strong>ro</strong></span> <span class='ocrx_word' id='word_1_102' title='bbox 163 1332 270 1402; x_wconf 90' lang='lat' dir='ltr'><strong>modo,</strong></span> <span class='ocrx_word' id='word_1_103' title='bbox 289 1350 347 1409; x_wconf 91' lang='lat' dir='ltr'><strong>quo</strong></span> <span class='ocrx_word' id='word_1_104' title='bbox 361 1334 499 1392; x_wconf 74' lang='lat' dir='ltr'><strong>&#39;sortiarii</strong></span> <span class='ocrx_word' id='word_1_105' title='bbox 516 1335 547 1391; x_wconf 87' lang='lat' dir='ltr'><strong>S.</strong></span> <span class='ocrx_word' id='word_1_106' title='bbox 562 1334 708 1392; x_wconf 86' lang='lat' dir='ltr'><strong>Francisci</strong></span> <span class='ocrx_word' id='word_1_107' title='bbox 723 1335 901 1401; x_wconf 74' lang='lat' dir='ltr'><strong>assisiensis,</strong></span> <span class='ocrx_word' id='word_1_108' title='bbox 913 1336 1119 1408; x_wconf 89' lang='lat' dir='ltr'><strong>Quotidianam</strong></span> 
     </span>
     <span class='ocr_line' id='line_1_14' title="bbox 108 1416 1119 1494; baseline 0.002 -19"><span class='ocrx_word' id='word_1_109' title='bbox 108 1418 200 1475; x_wconf 89' lang='lat' dir='ltr'><strong>etiam</strong></span> <span class='ocrx_word' id='word_1_110' title='bbox 211 1416 423 1493; x_wconf 88' lang='lat' dir='ltr'><strong>indulgentiam</strong></span> <span class='ocrx_word' id='word_1_111' title='bbox 438 1427 556 1475; x_wconf 89' lang='lat' dir='ltr'><strong>eentum</strong></span> <span class='ocrx_word' id='word_1_112' title='bbox 566 1417 682 1476; x_wconf 90' lang='lat' dir='ltr'><strong>dierum</strong></span> <span class='ocrx_word' id='word_1_113' title='bbox 696 1428 934 1494; x_wconf 87' lang='lat' dir='ltr'><strong>consequuntur,</strong></span> <span class='ocrx_word' id='word_1_114' title='bbox 947 1419 970 1478; x_wconf 92' lang='lat' dir='ltr'><strong>si</strong></span> <span class='ocrx_word' id='word_1_115' title='bbox 986 1418 1016 1476; x_wconf 91' lang='lat' dir='ltr'><strong>in</strong></span> <span class='ocrx_word' id='word_1_116' title='bbox 1030 1416 1119 1477; x_wconf 87' lang='lat' dir='ltr'><strong>laono-</strong></span> 
     </span>
     <span class='ocr_line' id='line_1_15' title="bbox 107 1492 1120 1579; baseline -0.002 -19"><span class='ocrx_word' id='word_1_117' title='bbox 107 1519 175 1560; x_wconf 83' lang='lat' dir='ltr'><strong>rcna</strong></span> <span class='ocrx_word' id='word_1_118' title='bbox 191 1500 309 1559; x_wconf 89' lang='lat' dir='ltr'><strong>Domini</strong></span> <span class='ocrx_word' id='word_1_119' title='bbox 326 1492 392 1558; x_wconf 80' lang='lat' dir='ltr'><strong>lesu</strong></span> <span class='ocrx_word' id='word_1_120' title='bbox 414 1499 543 1570; x_wconf 88' lang='lat' dir='ltr'><strong>Cluisti,</strong></span> <span class='ocrx_word' id='word_1_121' title='bbox 572 1510 601 1559; x_wconf 91' lang='lat' dir='ltr'><strong>et</strong></span> <span class='ocrx_word' id='word_1_122' title='bbox 620 1502 672 1559; x_wconf 87' lang='lat' dir='ltr'><strong>SS.</strong></span> <span class='ocrx_word' id='word_1_123' title='bbox 694 1501 902 1577; x_wconf 77' lang='lat' dir='ltr'><strong>Apostolorum</strong></span> <span class='ocrx_word' id='word_1_124' title='bbox 925 1519 1024 1579; x_wconf 87' lang='lat' dir='ltr'><strong>preces</strong></span> <span class='ocrx_word' id='word_1_125' title='bbox 1044 1501 1120 1559; x_wconf 89' lang='lat' dir='ltr'><strong>eiiu-</strong></span> 
     </span>
     <span class='ocr_line' id='line_1_16' title="bbox 108 1585 1120 1663; baseline 0.002 -20"><span class='ocrx_word' id='word_1_126' title='bbox 108 1585 223 1645; x_wconf 84' lang='lat' dir='ltr'><strong>‹lerlnt.</strong></span> <span class='ocrx_word' id='word_1_127' title='bbox 239 1585 532 1663; x_wconf 87' lang='lat' dir='ltr'><strong>DeniqueCordigeri</strong></span> <span class='ocrx_word' id='word_1_128' title='bbox 550 1585 616 1654; x_wconf 86' lang='lat' dir='ltr'><strong>illi,</strong></span> <span class='ocrx_word' id='word_1_129' title='bbox 635 1585 710 1643; x_wconf 89' lang='lat' dir='ltr'><strong>sieut</strong></span> <span class='ocrx_word' id='word_1_130' title='bbox 725 1594 754 1644; x_wconf 90' lang='lat' dir='ltr'><strong>et</strong></span> <span class='ocrx_word' id='word_1_131' title='bbox 769 1586 905 1644; x_wconf 85' lang='lat' dir='ltr'><strong>Tertiarii</strong></span> <span class='ocrx_word' id='word_1_132' title='bbox 922 1603 976 1663; x_wconf 83' lang='lat' dir='ltr'><strong>pro</strong></span> <span class='ocrx_word' id='word_1_133' title='bbox 990 1586 1120 1662; x_wconf 91' lang='lat' dir='ltr'><strong>quolibet</strong></span> 
     </span>
     <span class='ocr_line' id='line_1_17' title="bbox 107 1669 1120 1746; baseline -0.002 -15"><span class='ocrx_word' id='word_1_134' title='bbox 107 1672 190 1731; x_wconf 90' lang='lat' dir='ltr'><strong>bono</strong></span> <span class='ocrx_word' id='word_1_135' title='bbox 210 1686 297 1745; x_wconf 88' lang='lat' dir='ltr'><strong>opere</strong></span> <span class='ocrx_word' id='word_1_136' title='bbox 311 1670 457 1746; x_wconf 73' lang='lat' dir='ltr'><strong>sonegium</strong></span> <span class='ocrx_word' id='word_1_137' title='bbox 478 1670 594 1729; x_wconf 87' lang='lat' dir='ltr'><strong>dierum</strong></span> <span class='ocrx_word' id='word_1_138' title='bbox 605 1669 820 1745; x_wconf 86' lang='lat' dir='ltr'><strong>indulgentiam</strong></span> <span class='ocrx_word' id='word_1_139' title='bbox 839 1679 1077 1746; x_wconf 88' lang='lat' dir='ltr'><strong>consequantur,</strong></span> <span class='ocrx_word' id='word_1_140' title='bbox 1089 1669 1120 1728; x_wconf 93' lang='lat' dir='ltr'><strong>ia</strong></span> 
     </span>
     <span class='ocr_line' id='line_1_18' title="bbox 108 1751 1120 1832; baseline -0.002 -18"><span class='ocrx_word' id='word_1_141' title='bbox 108 1774 171 1832; x_wconf 89' lang='lat' dir='ltr'><strong>quo</strong></span> <span class='ocrx_word' id='word_1_142' title='bbox 187 1752 329 1812; x_wconf 88' lang='lat' dir='ltr'><strong>dilierunt</strong></span> <span class='ocrx_word' id='word_1_143' title='bbox 340 1752 356 1811; x_wconf 78' lang='lat' dir='ltr'><strong>la</strong></span> <span class='ocrx_word' id='word_1_144' title='bbox 367 1755 519 1812; x_wconf 87' lang='lat' dir='ltr'><strong>Tortiariis</strong></span> <span class='ocrx_word' id='word_1_145' title='bbox 531 1756 560 1812; x_wconf 90' lang='lat' dir='ltr'><strong>S.</strong></span> <span class='ocrx_word' id='word_1_146' title='bbox 576 1753 719 1811; x_wconf 77' lang='lat' dir='ltr'><strong>Francisci</strong></span> <span class='ocrx_word' id='word_1_147' title='bbox 735 1751 919 1823; x_wconf 73' lang='lat' dir='ltr'><strong>assisiensis,</strong></span> <span class='ocrx_word' id='word_1_148' title='bbox 934 1753 986 1829; x_wconf 92' lang='lat' dir='ltr'><strong>qui</strong></span> <span class='ocrx_word' id='word_1_149' title='bbox 999 1762 1120 1812; x_wconf 86' lang='lat' dir='ltr'><strong>centum</strong></span> 
     </span>
     <span class='ocr_line' id='line_1_19' title="bbox 107 1836 1121 1917; baseline -0.003 -18"><span class='ocrx_word' id='word_1_150' title='bbox 107 1841 175 1899; x_wconf 92' lang='lat' dir='ltr'><strong>dics</strong></span> <span class='ocrx_word' id='word_1_151' title='bbox 190 1839 353 1898; x_wconf 87' lang='lat' dir='ltr'><strong>lucrantur.</strong></span> <span class='ocrx_word' id='word_1_152' title='bbox 368 1837 488 1900; x_wconf 87' lang='lat' dir='ltr'><strong>Easdem</strong></span> <span class='ocrx_word' id='word_1_153' title='bbox 505 1855 607 1898; x_wconf 89' lang='lat' dir='ltr'><strong>omnes</strong></span> <span class='ocrx_word' id='word_1_154' title='bbox 626 1836 822 1912; x_wconf 84' lang='lat' dir='ltr'><strong>indulgentias</strong></span> <span class='ocrx_word' id='word_1_155' title='bbox 840 1837 986 1914; x_wconf 84' lang='lat' dir='ltr'><strong>applicare</strong></span> <span class='ocrx_word' id='word_1_156' title='bbox 1007 1837 1121 1917; x_wconf 90' lang='lat' dir='ltr'><strong>prode-</strong></span> 
     </span>
     <span class='ocr_line' id='line_1_20' title="bbox 104 1920 1119 1999; baseline -0.003 -16"><span class='ocrx_word' id='word_1_157' title='bbox 104 1924 221 1983; x_wconf 83' lang='lat' dir='ltr'><strong>sunctis</strong></span> <span class='ocrx_word' id='word_1_158' title='bbox 238 1930 370 1999; x_wconf 87' lang='lat' dir='ltr'><strong>possunt.</strong></span> <span class='ocrx_word' id='word_1_159' title='bbox 392 1922 474 1980; x_wconf 89' lang='lat' dir='ltr'><strong>Bulla</strong></span> <span class='ocrx_word' id='word_1_160' title='bbox 495 1940 549 1998; x_wconf 91' lang='lat' dir='ltr'><strong>pro</strong></span> <span class='ocrx_word' id='word_1_161' title='bbox 573 1920 765 1998; x_wconf 78' lang='lat' dir='ltr'><strong>indulgentiis</strong></span> <span class='ocrx_word' id='word_1_162' title='bbox 779 1920 995 1983; x_wconf 87' lang='lat' dir='ltr'><strong>Tertiarioram</strong></span> <span class='ocrx_word' id='word_1_163' title='bbox 1019 1924 1119 1982; x_wconf 78' lang='lat' dir='ltr'><strong>Sancti</strong></span> 
     </span>
     <span class='ocr_line' id='line_1_21' title="bbox 107 2003 628 2068; baseline -0.012 0"><span class='ocrx_word' id='word_1_164' title='bbox 107 2006 259 2068; x_wconf 83' lang='lat' dir='ltr'><strong>Francisci</strong></span> <span class='ocrx_word' id='word_1_165' title='bbox 277 2005 314 2063; x_wconf 93' lang='lat' dir='ltr'><strong>dc</strong></span> <span class='ocrx_word' id='word_1_166' title='bbox 325 2004 410 2062; x_wconf 87' lang='lat' dir='ltr'><strong>Paula</strong></span> <span class='ocrx_word' id='word_1_167' title='bbox 421 2048 428 2068; x_wconf 78' lang='lat'><strong>,</strong></span> <span class='ocrx_word' id='word_1_168' title='bbox 440 2003 628 2065; x_wconf 78' lang='lat' dir='ltr'><strong>Iueabousti.</strong></span> 
     </span>
    </p>

    <p class='ocr_par' dir='ltr' id='par_1_3' title="bbox 107 2088 1122 2255">
     <span class='ocr_line' id='line_1_22' title="bbox 150 2088 1122 2170; baseline 0.002 -19"><span class='ocrx_word' id='word_1_169' title='bbox 150 2090 346 2167; x_wconf 73' lang='lat' dir='ltr'><strong>indulgentiae</strong></span> <span class='ocrx_word' id='word_1_170' title='bbox 369 2089 508 2166; x_wconf 82' lang='lat' dir='ltr'><strong>plenariae</strong></span> <span class='ocrx_word' id='word_1_171' title='bbox 529 2090 559 2147; x_wconf 92' lang='lat' dir='ltr'><strong>in</strong></span> <span class='ocrx_word' id='word_1_172' title='bbox 582 2088 707 2148; x_wconf 89' lang='lat' dir='ltr'><strong>articulo</strong></span> <span class='ocrx_word' id='word_1_173' title='bbox 727 2090 832 2150; x_wconf 88' lang='lat' dir='ltr'><strong>mortis</strong></span> <span class='ocrx_word' id='word_1_174' title='bbox 847 2092 883 2150; x_wconf 93' lang='lat' dir='ltr'><strong>ab</strong></span> <span class='ocrx_word' id='word_1_175' title='bbox 901 2090 1050 2169; x_wconf 81' lang='lat' dir='ltr'><strong>Episcopis</strong></span> <span class='ocrx_word' id='word_1_176' title='bbox 1070 2110 1122 2170; x_wconf 88' lang='lat' dir='ltr'><strong>per</strong></span> 
     </span>
     <span class='ocr_line' id='line_1_23' title="bbox 107 2171 846 2255; baseline -0.004 -18"><span class='ocrx_word' id='word_1_177' title='bbox 107 2173 348 2237; x_wconf 83' lang='lat' dir='ltr'><strong>benedictionem</strong></span> <span class='ocrx_word' id='word_1_178' title='bbox 365 2171 654 2249; x_wconf 80' lang='lat' dir='ltr'><strong>impertiendaevide</strong></span> <span class='ocrx_word' id='word_1_179' title='bbox 669 2172 846 2255; x_wconf 75' lang='lat' dir='ltr'><strong>Episcopus.</strong></span> 
     </span>
    </p>

    <p class='ocr_par' dir='ltr' id='par_1_4' title="bbox 100 2254 1124 3090">
     <span class='ocr_line' id='line_1_24' title="bbox 148 2254 1123 2338; baseline 0 -18"><span class='ocrx_word' id='word_1_180' title='bbox 148 2263 296 2320; x_wconf 89' lang='lat' dir='ltr'><strong>Doecntcs</strong></span> <span class='ocrx_word' id='word_1_181' title='bbox 315 2255 403 2315; x_wconf 77' lang='lat' dir='ltr'><strong>rades</strong></span> <span class='ocrx_word' id='word_1_182' title='bbox 423 2254 557 2316; x_wconf 90' lang='lat' dir='ltr'><strong>bomiacs</strong></span> <span class='ocrx_word' id='word_1_183' title='bbox 581 2257 719 2333; x_wconf 77' lang='lat' dir='ltr'><strong>publice,</strong></span> <span class='ocrx_word' id='word_1_184' title='bbox 746 2259 793 2317; x_wconf 86' lang='lat' dir='ltr'><strong>vel</strong></span> <span class='ocrx_word' id='word_1_185' title='bbox 816 2261 957 2338; x_wconf 85' lang='lat' dir='ltr'><strong>privatim</strong></span> <span class='ocrx_word' id='word_1_186' title='bbox 980 2262 1123 2321; x_wconf 82' lang='lat' dir='ltr'><strong>orationis</strong></span> 
     </span>
     <span class='ocr_line' id='line_1_25' title="bbox 104 2340 1122 2421; baseline -0.002 -15"><span class='ocrx_word' id='word_1_187' title='bbox 104 2343 250 2406; x_wconf 89' lang='lat' dir='ltr'><strong>mentalis</strong></span> <span class='ocrx_word' id='word_1_188' title='bbox 267 2340 399 2416; x_wconf 83' lang='lat' dir='ltr'><strong>regulas,</strong></span> <span class='ocrx_word' id='word_1_189' title='bbox 420 2349 449 2398; x_wconf 88' lang='lat' dir='ltr'><strong>et</strong></span> <span class='ocrx_word' id='word_1_190' title='bbox 472 2340 614 2408; x_wconf 79' lang='lat' dir='ltr'><strong>niodum,</strong></span> <span class='ocrx_word' id='word_1_191' title='bbox 629 2343 760 2418; x_wconf 81' lang='lat' dir='ltr'><strong>itemque</strong></span> <span class='ocrx_word' id='word_1_192' title='bbox 777 2347 829 2419; x_wconf 90' lang='lat' dir='ltr'><strong>qui</strong></span> <span class='ocrx_word' id='word_1_193' title='bbox 846 2344 962 2421; x_wconf 71' lang='lat' dir='ltr'><strong>publice</strong></span> <span class='ocrx_word' id='word_1_194' title='bbox 983 2345 1122 2403; x_wconf 81' lang='lat' dir='ltr'><strong>docentes</strong></span> 
     </span>
     <span class='ocr_line' id='line_1_26' title="bbox 105 2422 1123 2500; baseline 0 -14"><span class='ocrx_word' id='word_1_195' title='bbox 105 2424 360 2494; x_wconf 80' lang='lat' dir='ltr'><strong>auscultaverint,</strong></span> <span class='ocrx_word' id='word_1_196' title='bbox 375 2422 537 2482; x_wconf 77' lang='lat' dir='ltr'><strong>dummodo</strong></span> <span class='ocrx_word' id='word_1_197' title='bbox 551 2425 620 2484; x_wconf 67' lang='lat' dir='ltr'><strong>verit</strong></span> <span class='ocrx_word' id='word_1_198' title='bbox 637 2426 812 2500; x_wconf 80' lang='lat' dir='ltr'><strong>prenitentes</strong></span> <span class='ocrx_word' id='word_1_199' title='bbox 835 2446 868 2484; x_wconf 91' lang='lat' dir='ltr'><strong>ac</strong></span> <span class='ocrx_word' id='word_1_200' title='bbox 887 2428 968 2485; x_wconf 77' lang='lat' dir='ltr'><strong>sarra</strong></span> <span class='ocrx_word' id='word_1_201' title='bbox 989 2444 1123 2486; x_wconf 88' lang='lat' dir='ltr'><strong>commu·</strong></span> 
     </span>
     <span class='ocr_line' id='line_1_27' title="bbox 104 2506 1123 2585; baseline -0.004 -13"><span class='ocrx_word' id='word_1_202' title='bbox 104 2512 204 2572; x_wconf 83' lang='lat' dir='ltr'><strong>irione</strong></span> <span class='ocrx_word' id='word_1_203' title='bbox 227 2507 346 2576; x_wconf 87' lang='lat' dir='ltr'><strong>retecti,</strong></span> <span class='ocrx_word' id='word_1_204' title='bbox 367 2507 452 2564; x_wconf 85' lang='lat' dir='ltr'><strong>toties</strong></span> <span class='ocrx_word' id='word_1_205' title='bbox 474 2506 588 2583; x_wconf 77' lang='lat' dir='ltr'><strong>qaofies</strong></span> <span class='ocrx_word' id='word_1_206' title='bbox 614 2508 769 2568; x_wconf 86' lang='lat' dir='ltr'><strong>lucrantur</strong></span> <span class='ocrx_word' id='word_1_207' title='bbox 800 2518 911 2585; x_wconf 86' lang='lat' dir='ltr'><strong>septem</strong></span> <span class='ocrx_word' id='word_1_208' title='bbox 944 2526 1060 2580; x_wconf 79' lang='lat' dir='ltr'><strong>uanos,</strong></span> <span class='ocrx_word' id='word_1_209' title='bbox 1092 2520 1123 2575; x_wconf 85' lang='lat' dir='ltr'><strong>et</strong></span> 
     </span>
     <span class='ocr_line' id='line_1_28' title="bbox 104 2590 1123 2668; baseline -0.002 -15"><span class='ocrx_word' id='word_1_210' title='bbox 104 2592 241 2653; x_wconf 81' lang='lat' dir='ltr'><strong>totidem</strong></span> <span class='ocrx_word' id='word_1_211' title='bbox 253 2590 451 2667; x_wconf 83' lang='lat' dir='ltr'><strong>quadragenas</strong></span> <span class='ocrx_word' id='word_1_212' title='bbox 471 2592 508 2650; x_wconf 92' lang='lat' dir='ltr'><strong>de</strong></span> <span class='ocrx_word' id='word_1_213' title='bbox 527 2593 597 2653; x_wconf 77' lang='lat' dir='ltr'><strong>veri</strong></span> <span class='ocrx_word' id='word_1_214' title='bbox 610 2592 806 2668; x_wconf 76' lang='lat' dir='ltr'><strong>indulgentia.</strong></span> <span class='ocrx_word' id='word_1_215' title='bbox 818 2594 891 2650; x_wconf 88' lang='lat' dir='ltr'><strong>ltcru</strong></span> <span class='ocrx_word' id='word_1_216' title='bbox 917 2592 942 2650; x_wconf 89' lang='lat' dir='ltr'><strong>si</strong></span> <span class='ocrx_word' id='word_1_217' title='bbox 959 2591 1073 2651; x_wconf 72' lang='lat' dir='ltr'><strong>assidui</strong></span> <span class='ocrx_word' id='word_1_218' title='bbox 1086 2592 1123 2651; x_wconf 80' lang='lat' dir='ltr'><strong>ed</strong></span> 
     </span>
     <span class='ocr_line' id='line_1_29' title="bbox 104 2674 1121 2752; baseline 0 -16"><span class='ocrx_word' id='word_1_219' title='bbox 104 2677 325 2747; x_wconf 77' lang='lat' dir='ltr'><strong>eoravencrint3</strong></span> <span class='ocrx_word' id='word_1_220' title='bbox 336 2674 426 2735; x_wconf 86' lang='lat' dir='ltr'><strong>semel</strong></span> <span class='ocrx_word' id='word_1_221' title='bbox 437 2675 469 2736; x_wconf 88' lang='lat' dir='ltr'><strong>iu</strong></span> <span class='ocrx_word' id='word_1_222' title='bbox 483 2694 603 2749; x_wconf 88' lang='lat' dir='ltr'><strong>mense,</strong></span> <span class='ocrx_word' id='word_1_223' title='bbox 622 2677 693 2736; x_wconf 75' lang='lat' dir='ltr'><strong>vere</strong></span> <span class='ocrx_word' id='word_1_224' title='bbox 703 2676 896 2752; x_wconf 77' lang='lat' dir='ltr'><strong>paenitentes,</strong></span> <span class='ocrx_word' id='word_1_225' title='bbox 911 2685 942 2733; x_wconf 86' lang='lat' dir='ltr'><strong>et</strong></span> <span class='ocrx_word' id='word_1_226' title='bbox 957 2675 1121 2736; x_wconf 71' lang='lat' dir='ltr'><strong>saca-iconi·</strong></span> 
     </span>
     <span class='ocr_line' id='line_1_30' title="bbox 101 2759 1122 2840; baseline -0.003 -18"><span class='ocrx_word' id='word_1_227' title='bbox 101 2760 257 2822; x_wconf 89' lang='lat' dir='ltr'><strong>munione</strong></span> <span class='ocrx_word' id='word_1_228' title='bbox 272 2759 371 2817; x_wconf 88' lang='lat' dir='ltr'><strong>relecti</strong></span> <span class='ocrx_word' id='word_1_229' title='bbox 386 2803 394 2831; x_wconf 93' lang='lat'><strong>,</strong></span> <span class='ocrx_word' id='word_1_230' title='bbox 408 2771 583 2840; x_wconf 89' lang='lat' dir='ltr'><strong>orantesque</strong></span> <span class='ocrx_word' id='word_1_231' title='bbox 596 2779 649 2839; x_wconf 82' lang='lat' dir='ltr'><strong>pro</strong></span> <span class='ocrx_word' id='word_1_232' title='bbox 668 2778 751 2819; x_wconf 89' lang='lat' dir='ltr'><strong>moro</strong></span> <span class='ocrx_word' id='word_1_233' title='bbox 764 2759 954 2837; x_wconf 67' lang='lat' dir='ltr'><strong>indulgentiis</strong></span> <span class='ocrx_word' id='word_1_234' title='bbox 966 2768 1122 2833; x_wconf 83' lang='lat' dir='ltr'><strong>consueto,</strong></span> 
     </span>
     <span class='ocr_line' id='line_1_31' title="bbox 100 2841 1124 2921; baseline -0.002 -15"><span class='ocrx_word' id='word_1_235' title='bbox 100 2841 328 2920; x_wconf 78' lang='lat' dir='ltr'><strong>indulgentiam</strong></span> <span class='ocrx_word' id='word_1_236' title='bbox 352 2843 532 2921; x_wconf 86' lang='lat' dir='ltr'><strong>plenariam,</strong></span> <span class='ocrx_word' id='word_1_237' title='bbox 553 2845 698 2904; x_wconf 81' lang='lat' dir='ltr'><strong>det&#39;uaetis</strong></span> <span class='ocrx_word' id='word_1_238' title='bbox 715 2844 804 2902; x_wconf 88' lang='lat' dir='ltr'><strong>otiam</strong></span> <span class='ocrx_word' id='word_1_239' title='bbox 828 2842 1050 2921; x_wconf 83' lang='lat' dir='ltr'><strong>applicandam,</strong></span> <span class='ocrx_word' id='word_1_240' title='bbox 1076 2844 1124 2904; x_wconf 91' lang='lat' dir='ltr'><strong>lu·</strong></span> 
     </span>
     <span class='ocr_line' id='line_1_32' title="bbox 100 2928 1123 3005; baseline 0 -17"><span class='ocrx_word' id='word_1_241' title='bbox 100 2936 255 2997; x_wconf 84' lang='lat' dir='ltr'><strong>crantor,</strong></span> <span class='ocrx_word' id='word_1_242' title='bbox 269 2945 358 3004; x_wconf 82' lang='lat' dir='ltr'><strong>qiiam</strong></span> <span class='ocrx_word' id='word_1_243' title='bbox 372 2929 483 3004; x_wconf 88' lang='lat' dir='ltr'><strong>pariter</strong></span> <span class='ocrx_word' id='word_1_244' title='bbox 496 2931 534 2987; x_wconf 83' lang='lat' dir='ltr'><strong>ita</strong></span> <span class='ocrx_word' id='word_1_245' title='bbox 546 2930 681 2988; x_wconf 87' lang='lat' dir='ltr'><strong>obtineat</strong></span> <span class='ocrx_word' id='word_1_246' title='bbox 697 2929 717 2987; x_wconf 92' lang='lat' dir='ltr'><strong>ii</strong></span> <span class='ocrx_word' id='word_1_247' title='bbox 731 2971 739 2995; x_wconf 89' lang='lat'><strong>‚</strong></span> <span class='ocrx_word' id='word_1_248' title='bbox 753 2928 803 3005; x_wconf 89' lang='lat' dir='ltr'><strong>qai</strong></span> <span class='ocrx_word' id='word_1_249' title='bbox 821 2938 883 2987; x_wconf 89' lang='lat' dir='ltr'><strong>toto</strong></span> <span class='ocrx_word' id='word_1_250' title='bbox 901 2943 1001 2985; x_wconf 87' lang='lat' dir='ltr'><strong>mense</strong></span> <span class='ocrx_word' id='word_1_251' title='bbox 1013 2970 1021 2992; x_wconf 85' lang='lat'><strong>,</strong></span> <span class='ocrx_word' id='word_1_252' title='bbox 1034 2929 1123 2988; x_wconf 87' lang='lat' dir='ltr'><strong>unico</strong></span> 
     </span>
     <span class='ocr_line' id='line_1_33' title="bbox 100 3008 1124 3090; baseline -0.003 -16"><span class='ocrx_word' id='word_1_253' title='bbox 100 3013 218 3074; x_wconf 85' lang='lat' dir='ltr'><strong>saltem</strong></span> <span class='ocrx_word' id='word_1_254' title='bbox 234 3008 315 3069; x_wconf 80' lang='lat' dir='ltr'><strong>borae</strong></span> <span class='ocrx_word' id='word_1_255' title='bbox 336 3011 500 3087; x_wconf 87' lang='lat' dir='ltr'><strong>quadrante</strong></span> <span class='ocrx_word' id='word_1_256' title='bbox 518 3013 641 3090; x_wconf 87' lang='lat' dir='ltr'><strong>singuiis</strong></span> <span class='ocrx_word' id='word_1_257' title='bbox 660 3011 763 3071; x_wconf 88' lang='lat' dir='ltr'><strong>diebos</strong></span> <span class='ocrx_word' id='word_1_258' title='bbox 775 3011 901 3071; x_wconf 86' lang='lat' dir='ltr'><strong>orationi</strong></span> <span class='ocrx_word' id='word_1_259' title='bbox 920 3012 1124 3083; x_wconf 79' lang='lat' dir='ltr'><strong>mentalidant</strong></span> 
     </span>
    </p>
   </div>
   <div class='ocr_carea' id='block_1_3' title="bbox 98 3093 1124 3425">
    <p class='ocr_par' dir='ltr' id='par_1_5' title="bbox 98 3093 1124 3335">
     <span class='ocr_line' id='line_1_34' title="bbox 99 3093 1124 3176; baseline 0.002 -23"><span class='ocrx_word' id='word_1_260' title='bbox 99 3113 223 3176; x_wconf 69' lang='lat' dir='ltr'><strong>optem,</strong></span> <span class='ocrx_word' id='word_1_261' title='bbox 244 3093 407 3153; x_wconf 84' lang='lat' dir='ltr'><strong>dutumodl)</strong></span> <span class='ocrx_word' id='word_1_262' title='bbox 422 3094 491 3154; x_wconf 73' lang='lat' dir='ltr'><strong>verb</strong></span> <span class='ocrx_word' id='word_1_263' title='bbox 514 3097 690 3173; x_wconf 88' lang='lat' dir='ltr'><strong>poeuitcutcs</strong></span> <span class='ocrx_word' id='word_1_264' title='bbox 713 3106 742 3154; x_wconf 88' lang='lat' dir='ltr'><strong>ct</strong></span> <span class='ocrx_word' id='word_1_265' title='bbox 759 3095 878 3154; x_wconf 80' lang='lat' dir='ltr'><strong>confessi</strong></span> <span class='ocrx_word' id='word_1_266' title='bbox 892 3136 900 3161; x_wconf 84' lang='grc'><em>,</em></span> <span class='ocrx_word' id='word_1_267' title='bbox 914 3093 1124 3161; x_wconf 80' lang='lat' dir='ltr'><strong>Eucharistiam</strong></span> 
     </span>
     <span class='ocr_line' id='line_1_35' title="bbox 98 3177 1122 3257; baseline 0.001 -19"><span class='ocrx_word' id='word_1_268' title='bbox 98 3178 296 3256; x_wconf 84' lang='lat' dir='ltr'><strong>sumpserint</strong></span> <span class='ocrx_word' id='word_1_269' title='bbox 309 3220 317 3248; x_wconf 91' lang='lat'><strong>,</strong></span> <span class='ocrx_word' id='word_1_270' title='bbox 333 3185 456 3236; x_wconf 87' lang='lat' dir='ltr'><strong>ctorem</strong></span> <span class='ocrx_word' id='word_1_271' title='bbox 468 3197 521 3255; x_wconf 90' lang='lat' dir='ltr'><strong>pro</strong></span> <span class='ocrx_word' id='word_1_272' title='bbox 531 3180 685 3257; x_wconf 73' lang='lat' dir='ltr'><strong>concordii</strong></span> <span class='ocrx_word' id='word_1_273' title='bbox 698 3178 941 3244; x_wconf 79' lang='lat' dir='ltr'><strong>cteConnedeatc</strong></span> <span class='ocrx_word' id='word_1_274' title='bbox 953 3177 1015 3241; x_wconf 77' lang='lat' dir='ltr'><strong>bec</strong></span> <span class='ocrx_word' id='word_1_275' title='bbox 1024 3180 1122 3255; x_wconf 77' lang='lat' dir='ltr'><strong>carulo</strong></span> 
     </span>
     <span class='ocr_line' id='line_1_36' title="bbox 99 3259 683 3335; baseline 0 -13"><span class='ocrx_word' id='word_1_276' title='bbox 99 3259 258 3322; x_wconf 83' lang='lat' dir='ltr'><strong>Pontiliee</strong></span> <span class='ocrx_word' id='word_1_277' title='bbox 279 3262 310 3319; x_wconf 90' lang='lat' dir='ltr'><strong>in</strong></span> <span class='ocrx_word' id='word_1_278' title='bbox 326 3261 405 3321; x_wconf 82' lang='lat' dir='ltr'><strong>botta</strong></span> <span class='ocrx_word' id='word_1_279' title='bbox 419 3261 683 3335; x_wconf 83' lang='lat' dir='ltr'><strong>Querrrodruoduru.</strong></span> 
     </span>
    </p>

    <p class='ocr_par' dir='ltr' id='par_1_6' title="bbox 143 3344 1124 3425">
     <span class='ocr_line' id='line_1_37' title="bbox 143 3344 1124 3425; baseline 0.004 -20"><span class='ocrx_word' id='word_1_280' title='bbox 143 3349 198 3405; x_wconf 84' lang='lat' dir='ltr'><strong>Do</strong></span> <span class='ocrx_word' id='word_1_281' title='bbox 210 3344 360 3405; x_wconf 85' lang='lat' dir='ltr'><strong>validitate</strong></span> <span class='ocrx_word' id='word_1_282' title='bbox 379 3346 569 3425; x_wconf 71' lang='lat' dir='ltr'><strong>indulgentiae</strong></span> <span class='ocrx_word' id='word_1_283' title='bbox 587 3349 805 3425; x_wconf 80' lang='lat' dir='ltr'><strong>Portiuaculm,</strong></span> <span class='ocrx_word' id='word_1_284' title='bbox 822 3349 943 3425; x_wconf 87' lang='lat' dir='ltr'><strong>ejusque</strong></span> <span class='ocrx_word' id='word_1_285' title='bbox 956 3351 1124 3412; x_wconf 81' lang='lat' dir='ltr'><strong>extensione</strong></span> 
     </span>
    </p>
   </div>
   <div class='ocr_carea' id='block_1_4' title="bbox 94 3431 1123 3677">
    <p class='ocr_par' dir='ltr' id='par_1_7' title="bbox 94 3431 1123 3677">
     <span class='ocr_line' id='line_1_38' title="bbox 96 3431 1123 3512; baseline 0.004 -22"><span class='ocrx_word' id='word_1_286' title='bbox 96 3431 141 3490; x_wconf 89' lang='lat' dir='ltr'><strong>ad</strong></span> <span class='ocrx_word' id='word_1_287' title='bbox 158 3448 267 3489; x_wconf 87' lang='lat' dir='ltr'><strong>omnes</strong></span> <span class='ocrx_word' id='word_1_288' title='bbox 279 3431 350 3488; x_wconf 91' lang='lat' dir='ltr'><strong>alias</strong></span> <span class='ocrx_word' id='word_1_289' title='bbox 363 3431 501 3491; x_wconf 83' lang='lat' dir='ltr'><strong>Ecclesias</strong></span> <span class='ocrx_word' id='word_1_290' title='bbox 521 3431 641 3491; x_wconf 85' lang='lat' dir='ltr'><strong>Ordinis</strong></span> <span class='ocrx_word' id='word_1_291' title='bbox 665 3433 695 3489; x_wconf 90' lang='lat' dir='ltr'><strong>S.</strong></span> <span class='ocrx_word' id='word_1_292' title='bbox 710 3434 854 3492; x_wconf 88' lang='lat' dir='ltr'><strong>Francisci</strong></span> <span class='ocrx_word' id='word_1_293' title='bbox 872 3434 980 3512; x_wconf 88' lang='lat' dir='ltr'><strong>ambigi</strong></span> <span class='ocrx_word' id='word_1_294' title='bbox 996 3453 1056 3494; x_wconf 91' lang='lat' dir='ltr'><strong>uon</strong></span> <span class='ocrx_word' id='word_1_295' title='bbox 1071 3454 1123 3511; x_wconf 83' lang='lat' dir='ltr'><strong>po-</strong></span> 
     </span>
     <span class='ocr_line' id='line_1_39' title="bbox 95 3512 1121 3589; baseline 0.002 -14"><span class='ocrx_word' id='word_1_296' title='bbox 95 3525 192 3587; x_wconf 84' lang='lat' dir='ltr'><strong>test;</strong></span> <span class='ocrx_word' id='word_1_297' title='bbox 209 3514 291 3573; x_wconf 91' lang='lat' dir='ltr'><strong>nullo</strong></span> <span class='ocrx_word' id='word_1_298' title='bbox 312 3512 380 3575; x_wconf 77' lang='lat' dir='ltr'><strong>lieet</strong></span> <span class='ocrx_word' id='word_1_299' title='bbox 399 3526 516 3575; x_wconf 80' lang='lat' dir='ltr'><strong>catarrto</strong></span> <span class='ocrx_word' id='word_1_300' title='bbox 538 3513 707 3573; x_wconf 82' lang='lat' dir='ltr'><strong>ntrtbentico</strong></span> <span class='ocrx_word' id='word_1_301' title='bbox 732 3514 927 3587; x_wconf 84' lang='lat' dir='ltr'><strong>documento,</strong></span> <span class='ocrx_word' id='word_1_302' title='bbox 941 3518 1121 3589; x_wconf 82' lang='lat' dir='ltr'><strong>scientibus,</strong></span> 
     </span>
     <span class='ocr_line' id='line_1_40' title="bbox 94 3597 1120 3677; baseline -0.003 -17"><span class='ocrx_word' id='word_1_303' title='bbox 94 3610 131 3660; x_wconf 85' lang='lat' dir='ltr'><strong>et</strong></span> <span class='ocrx_word' id='word_1_304' title='bbox 146 3617 217 3658; x_wconf 89' lang='lat' dir='ltr'><strong>nou</strong></span> <span class='ocrx_word' id='word_1_305' title='bbox 226 3598 635 3664; x_wconf 76' lang='lat' dir='ltr'><strong>contradicentibusbernonis</strong></span> <span class='ocrx_word' id='word_1_306' title='bbox 646 3597 847 3665; x_wconf 79' lang='lat' dir='ltr'><strong>Pontificibus.</strong></span> <span class='ocrx_word' id='word_1_307' title='bbox 856 3602 899 3660; x_wconf 89' lang='lat' dir='ltr'><strong>De</strong></span> <span class='ocrx_word' id='word_1_308' title='bbox 913 3600 1022 3677; x_wconf 83' lang='lat' dir='ltr'><strong>Synod.</strong></span> <span class='ocrx_word' id='word_1_309' title='bbox 1035 3600 1120 3659; x_wconf 86' lang='lat' dir='ltr'><strong>dimo.</strong></span> 
     </span>
    </p>
   </div>
   <div class='ocr_carea' id='block_1_5' title="bbox 92 3681 964 3824">
    <p class='ocr_par' dir='ltr' id='par_1_8' title="bbox 92 3681 964 3824">
     <span class='ocr_line' id='line_1_41' title="bbox 92 3681 401 3746; baseline -0.016 0"><span class='ocrx_word' id='word_1_310' title='bbox 92 3696 121 3746; x_wconf 88' lang='lat' dir='ltr'><strong>t.</strong></span> <span class='ocrx_word' id='word_1_311' title='bbox 144 3681 205 3742; x_wconf 77' lang='lat'><strong>15.</strong></span> <span class='ocrx_word' id='word_1_312' title='bbox 222 3682 401 3743; x_wconf 79' lang='lat' dir='ltr'><strong>e.18.a.o.</strong></span> 
     </span>
     <span class='ocr_line' id='line_1_42' title="bbox 904 3767 964 3824; baseline -0.033 0"><span class='ocrx_word' id='word_1_313' title='bbox 904 3767 964 3824; x_wconf 82' lang='lat'><strong>50..</strong></span> 
     </span>
    </p>
   </div>
   <div class='ocr_carea' id='block_1_6' title="bbox 0 0 1326 4167">
    <p class='ocr_par' dir='ltr' id='par_1_9' title="bbox 0 0 1326 4167">
     <span class='ocr_line' id='line_1_43' title="bbox 0 0 1326 4167; baseline 0 3"><span class='ocrx_word' id='word_1_314' title='bbox 0 0 1326 4167; x_wconf 95' lang='lat' dir='ltr'><strong> </strong></span> 
     </span>
    </p>
   </div>
  </div>
 </body>
</html>
