2642 4167
105 221 106 224 ’
129 209 187 273 166
412 199 722 284 Proaiseooseoaorii.
736 200 809 284 Cep.
822 202 852 263 8

127 311 206 390 qnbtl
224 310 334 372 scilieet
346 307 464 389 quando
480 305 578 385 agitur
592 303 629 366 de
640 306 762 368 vitando
775 311 892 385 peceato
902 302 1035 381 formali,
1047 321 1135 384 regu·

128 396 231 456 lariter
244 394 435 455 confessarius
452 408 535 468 sequi
527 389 635 450 debet
648 390 804 470 (quantum
820 388 900 467 lieet)
913 391 1070 450 sententias
1084 391 1137 450 be·

128 477 494 559 nigniores3ei1msolum
516 483 669 554 peecatum
684 474 808 536 formale
823 475 862 534 sit
880 474 933 533 Dei
955 473 1090 534 ollensa.
1104 479 1137 534 at

129 562 247 638 quando
267 563 420 643 opiniones
449 559 584 636 benigna
610 567 764 638 exponunt
785 559 978 638 poenitentem
1005 557 1137 635 periculo

129 649 238 724 peceati
261 649 414 716 formalis,
441 655 512 705 tune
533 644 726 704 confessarius
756 645 838 721 sequi
868 643 955 703 debet
982 643 1137 720 opiniones

128 731 299 808 rigidiores,
314 731 454 809 qnoniam
471 731 534 789 istoe
546 730 576 789 in
590 727 645 789 boe
658 747 725 788 easu
739 736 808 787 sunt
824 730 915 805 magis
926 728 1137 806 poenitentibus

129 817 279 878 salutares.
301 819 515 878 Verumtamen
542 813 660 891 quando
684 813 831 891 poeniteus
856 815 899 873 uti
924 814 1013 872 vellet
1040 813 1138 893 aliqud

132 902 273 979 opinione
291 901 458 981 probabili,
480 907 510 960 et
532 898 653 959 aliunde
678 897 741 977 jam
769 897 845 958 soret
870 896 1046 977 dispositus,
1067 908 1139 961 tune

131 991 248 1047 tenetur
264 985 456 1048 confessarius
470 1001 539 1043 eum
560 983 729 1052 absolvere,
746 983 885 1060 quoniam
896 983 1015 1052 ratione
1026 985 1139 1044 contes-

130 1071 221 1130 sionis
237 1070 298 1148 jam
315 1070 416 1138 saetae,
431 1067 521 1127 habet
541 1067 689 1146 poenitens
705 1066 755 1143 jus
775 1074 889 1127 certum
904 1076 935 1127 et
952 1067 1086 1127 strictum
1100 1067 1139 1128 ad

131 1154 344 1216 absolutionem
358 1198 367 1224 ‚
380 1171 419 1215 ne
437 1161 559 1230 cogatur
570 1169 634 1211 eam
647 1153 780 1229 recipere
791 1151 829 1210 ab
842 1150 899 1211 alio
910 1150 1059 1211 sacerdote
1068 1171 1138 1213 eum

132 1239 304 1315 gravissimo
323 1257 413 1299 onere
440 1235 594 1314 repetendi
621 1236 847 1295 confessionem.
873 1236 941 1294 lloee
963 1234 1063 1312 opinio
1093 1244 1139 1298 est

132 1325 296 1384 communis
307 1324 469 1402 ,illamque
485 1320 647 1380 admittunt
662 1321 752 1380 etiam
765 1319 850 1379 multi
864 1328 996 1379 auctores
1017 1320 1140 1398 rigidio-

132 1407 174 1468 ris
203 1409 376 1479 sententiaa,
400 1418 433 1467 ut
455 1415 524 1465 sunt
543 1406 727 1473 Parnassus,
754 1402 963 1473 desiderantius,
988 1403 1137 1478 Victoria,

132 1498 162 1550 et
175 1488 364 1571 praecipuis.
375 1492 554 1553 Antoninus.
568 1480 711 1549 Videatur
721 1487 869 1564 Liber,1n
888 1505 949 1566 quo
965 1485 1138 1608 hoeproba·

136 1579 320 1654 tuitaostlh.
337 1581 366 1638 6.
379 1596 411 1637 ιι.
425 1575 519 1653 661..)

173 1662 241 1721 1111.
254 1660 349 1722 'lantb
367 1661 459 1739 magis
471 1659 526 1720 boe
543 1659 654 1721 currit
660 1660 691 1719 in
711 1676 777 1719 casu
795 1675 869 1744 quo
874 1658 1064 1723 confessarius
1076 1661 1140 1721 rel·

132 1744 174 1805 let
191 1745 322 1823 obligare
340 1747 531 1822 poenitentem
546 1744 582 1804 ad
605 1745 795 1822 aliquam
748 1734 985 1816 restitutionem,
998 1744 1034 1804 ad
1048 1763 1140 1822 quam

133 1829 188 1888 iste
209 1829 400 1906 probabiliter
421 1847 480 1888 non
503 1837 654 1888 teneretur
679 1826 756 1906 (Lib.
778 1829 808 1887 1
826 1827 1140 1906 ιι.669.).1ιιιοΙιοο

132 1914 248 1983 currit,
267 1913 382 1973 etiamsi
400 1913 591 1973 confessarius
605 1930 665 1972 non
679 1911 799 1971 baberet
815 1920 954 1989 tanquam
965 1911 1058 1973 solide
1070 1931 1141 1990 pro·

133 1995 260 2057 babilam
271 1998 441 2075 opinionem
454 1997 645 2076 praenitente,
663 2003 694 2055 et
708 1997 852 2075 poenitens
873 2013 933 2056 non
946 2005 1021 2057 esset
1037 1999 1139 2070 rudis,

132 2097 255 2157 eamque
272 2099 341 2141 oum
358 2082 423 2142 aliis
444 2080 583 2158 gravibus
601 2080 770 2141 doctoribus
788 2090 938 2159 tamquam
958 2080 1141 2158 probabilem

133 2174 269 2238 teneret,
289 2166 328 2224 ita
349 2174 383 2224 ut
405 2166 551 2243 poenitens
570 2174 681 2225 rectum
701 2163 763 2241 jam
788 2166 843 2224 sibi
862 2166 969 2225 iormet
991 2168 1141 2227 conscien-

132 2249 205 2309 tiam
226 2248 300 2310 bene
317 2249 468 2327 operandi.
487 2250 548 2308 Hoc
565 2249 911 2330 tamen-intelligendum
931 2258 1001 2318 est,
1020 2251 1141 2327 quando

133 2333 234 2410 opinio
251 2334 420 2412 poenitentis
440 2332 562 2394 liaberet
585 2334 714 2412 aliquam
738 2334 782 2412 (ut
804 2333 877 2409 dixit
902 2333 1142 2411 probabilitatem

132 2419 235 2478 saltem
262 2426 476 2496 apparentem
507 2436 575 2478 nam
599 2419 623 2477 si
652 2418 844 2478 confessarius
870 2416 991 2478 baberet
1015 2436 1079 2478 eam
1105 2428 1141 2479 ut

133 2503 256 2565 omnind
275 2505 397 2576 salsam,
415 2521 451 2564 ex
468 2503 598 2582 eoquod
623 2502 744 2564 baberet
756 2514 858 2564 eontra
871 2522 937 2574 eam
959 2504 1140 2582 principium

133 2588 252 2665 aliquod
277 2599 389 2649 eertum
411 2607 462 2648 seu
482 2591 628 2649 rationem
653 2590 902 2661 convincentem,
922 2597 1022 2648 eontra
1048 2606 1142 2666 quam
1171 2583 1184 2623 ν’

96 2706 99 2715 =
132 2673 312 2732 existimaret
330 2674 447 2734 nullum
463 2691 525 2733 esse
544 2690 719 2751 responsum
733 2674 813 2750 quod
832 2682 929 2752 posset
944 2672 1083 2732 inducere
1101 2673 1142 2733 ad

133 2754 329 2817 dubitandum
352 2756 389 2817 de
407 2757 585 2817 certitudine
608 2759 736 2835 propriae
767 2758 942 2830 sententiae,
965 2765 1036 2815 tune
1058 2757 1142 2817 enim
1161 2782 1170 2794 -’

134 2857 193 2898 ιιοιι
211 2840 326 2912 debet,
359 2858 455 2918 neque
480 2850 577 2919 potest
598 2841 749 2901 absolvere
774 2843 993 2920 penitentem,
1015 2841 1066 2916 qui
1095 2841 1143 2907 illi

134 2941 194 2984 uon
204 2925 269 2983 vult
280 2924 462 3001 acquiescere
477 2923 566 3002 (Vide
579 2921 631 2985 tit.
643 2929 674 2985 6.
685 2944 718 2984 ιι.
734 2927 828 3002 601.)
841 2927 978 2985 Attamen
990 2925 1014 2982 si
1034 2924 1143 3001 previ·

133 3006 216 3068 deret
230 3006 418 3067 confessarius
437 3027 520 3068 suam
541 3009 737 3069 monitionem
751 3028 811 3070 non
825 3027 886 3068 esse
899 3007 1055 3086 poenitenti
1064 3024 1143 3084 ,pro-

132 3090 282 3160 futuram,
301 3091 352 3153 sed
374 3091 471 3170 petiis
495 3092 633 3153 redderet
654 3095 779 3154 lornrale
797 3104 947 3170 penatum
969 3091 1043 3152 illud
1059 3092 1143 3170 qued

38 3178 42 3241 Ῐ
133 3176 164 3236 in
184 3177 344 3254 poenitente
361 3187 405 3237 est
423 3176 539 3237 tuntum
554 3178 728 3251 materiale,
749 3190 819 3238 tune
832 3179 919 3239 debet
932 3178 1140 3254 dissimulare,

132 3261 259 3404 exaqptis
279 3261 426 3405 piiquibus
446 3262 578 3339 casibus3
599 3262 735 3323 videatur
756 3262 838 3340 qnod
862 3263 974 3323 dietum
991 3269 1035 3322 est
1049 3261 1142 3340 supra

133 3363 154 3405 ιι
233 3353 260 3404 et

170 3428 237 3486 116.
251 3431 289 3488 11.
313 3431 343 3491 Si
361 3431 518 3509 aliquando
539 3432 732 3493 confessarius
743 3432 923 3493 commisent
942 3432 1071 3510 aliquem
1090 3449 1144 3492 er·

132 3526 230 3567 rorem
246 3511 322 3572 eirea
338 3515 468 3575 valorem
480 3516 655 3575 sacramenti
669 3515 732 3575 sine
748 3534 799 3574 sua
815 3518 925 3596 eulpa,
940 3534 1001 3576 non
1020 3525 1144 3580 tenetur

133 3587 431 3664 011ιι51111ιιιιιιιιιὸιι
449 3599 661 3676 poenitentem,
675 3600 724 3660 sed
741 3599 838 3661 solum
848 3619 883 3660 ex
893 3598 1054 3672 charitate
1070 3618 1143 3678 quea
