2642 4167
168 243 227 306 202
290 329 293 336 Ι
401 243 538 304 uocum
558 236 803 303 ordinandorum.
819 237 931 322 Capd.

167 352 332 430 superiori,
352 348 423 412 aliis
440 351 473 411 in
491 348 608 410 eosdem
627 366 764 411 censuras
779 348 1036 427 reincidet3seeds
1054 349 1125 413 rard
1148 351 1174 410 sl

167 437 329 496 absolvitur
340 432 610 513 tantdmipeccatis
620 435 775 495 reservatis
783 435 846 496 sine
858 452 989 495 censura.
1001 434 1175 495 Ultimdno-

167 520 309 591 tandum,
324 518 404 599 qudd
425 519 552 597 quisquc
563 519 714 592 sacerdos,
726 527 761 579 ut
772 520 810 579 sil
826 519 949 582 idoneus
963 520 994 579 in
1006 519 1175 578 necessitate

167 603 205 664 ad
223 604 411 683 excipiendas
424 603 620 664 confessiones
638 603 849 676 infirmorum,
865 603 954 665 debet
964 620 1025 664 non
1037 602 1175 681 ignorare
1210 618 1213 623 ·

167 688 269 750 saltem
282 688 426 769 principia
440 688 616 750 universalia
628 688 757 750 scientiae
770 688 900 750 moralis.

321 869 348 949 S.
364 871 415 931 lv.
432 870 477 930 De
494 884 615 930 munere
629 864 754 930 nouat
761 909 770 941 ,
783 873 811 928 et
821 862 1015 948 predicandi.

204 1100 273 1159 151.
287 1033 538 1164 -Cunulem
553 1093 817 1160 meerdotisetiam
838 1096 878 1155 sit
897 1095 1004 1157 docere
1028 1098 1170 1176 populos,

158 1182 362 1262 etproedicare
372 1180 575 1258 evangelium,
587 1199 685 1260 operes
697 1178 826 1259 pretium
834 1177 934 1239 esthlc
946 1178 1066 1240 damaim
1078 1199 1172 1243 anno·

164 1274 245 1339 tare,
264 1283 331 1345 quae
346 1263 476 1326 docenda
488 1266 586 1326 sintet
597 1262 1169 1344 quomoddevangeliumerplr'eandum.

166 1350 268 1424 Quoad
279 1369 427 1430 primum
438 1350 604 1412 docendum
612 1358 741 1428 quatuor
752 1367 813 1408 esse
821 1366 978 1409 necessaria
990 1350 1169 1417 adsalutem,

165 1436 367 1513 nempeiidem
376 1432 984 1514 ,spem‚char1utem,atquebonaopera.
995 1433 1172 1511 Etl.quoad
1241 1477 1244 1482 .

164 1520 276 1591 iidem,
292 1522 362 1597 quia
377 1521 456 1580 Deus
468 1520 577 1579 raritas
597 1518 759 1579 infallibilis
775 1518 916 1578 revelavit
929 1519 1074 1586 Ecclesiae,
1089 1527 1172 1578 tene·

164 1619 235 1663 mur
247 1601 384 1683 explicite
393 1605 467 1665 scire
480 1613 509 1663 et
521 1603 641 1663 credere
654 1605 750 1662 Deum
760 1602 885 1662 existere
896 1647 905 1674 ,
917 1611 947 1663 ct
964 1613 1168 1664 remunerato-

164 1703 230 1748 rem
253 1690 334 1765 esse3
347 1706 381 1749 ac
403 1688 579 1768 mysterium
595 1689 646 1748 SS.
659 1687 833 1759 Trinitatis,
851 1695 939 1764 atque
960 1688 1169 1747 incarnationis

164 1772 232 1832 Filii
246 1774 311 1833 Dei.
327 1777 393 1833 llee
402 1773 440 1833 de
453 1773 622 1833 necessitate
634 1770 736 1832 medii.
747 1772 791 1831 De
804 1773 972 1831 necesitate
980 1781 1079 1831 autem
1093 1789 1170 1848 prae-
1206 1847 1211 1854 ,

164 1857 242 1933 cepti
256 1859 380 1934 quisque
392 1866 511 1917 tenetur
524 1857 612 1916 etiam
632 1857 707 1915 scire
721 1864 751 1916 et
764 1856 883 1916 credere
895 1857 1058 1915 orationem
1072 1855 1166 1915 domi·

163 1940 304 2010 niealcm,
319 1942 526 2001 salutationem
538 1940 716 2019 angelicam,
733 1947 875 2019 praesepia
889 1940 1016 2017 decalogi
1030 1948 1059 1999 et
1072 1939 1171 2000 lisele·

164 2024 230 2099 sia,
241 2024 312 2084 item
326 2026 532 2101 Sacramenta,
547 2025 712 2103 praesertim
726 2042 758 2083 en
778 2025 885 2102 quibus
899 2041 1002 2084 omncs
1013 2023 1167 2101 indigent,

163 2123 270 2185 nempe
279 2109 419 2185 Baptismi
427 2153 437 2185 ‚
448 2107 655 2177 Eucharistie,
669 2118 699 2168 et
714 2109 916 2180 Paenitentia,
934 2118 964 2168 et
975 2109 1049 2184 alia,
1063 2108 1169 2174 saltem

163 2190 235 2252 dum
246 2208 279 2251 ea
291 2191 502 2269 suscipiuntur.
513 2194 545 2252 2.
558 2192 660 2265 Quoad
671 2209 770 2270 spem,
787 2194 856 2270 quia
869 2194 948 2253 Deus
959 2193 1169 2269 omnipotens,

163 2276 345 2347 misericors,
368 2285 399 2335 et
420 2275 517 2335 iidelis
536 2277 672 2355 promisit
694 2271 815 2354 propter
837 2279 941 2337 merita
954 2277 1022 2335 lesu
1034 2276 1166 2346 Cirristi,

162 2368 299 2421 tenemur
310 2376 430 2438 sperare
448 2359 464 2419 a
483 2361 545 2420 Deo
565 2368 711 2420 eternam
725 2360 936 2421 beatitudinem
948 2405 956 2433 ,
970 2369 1000 2421 et
1013 2360 1107 2420 media
1129 2360 1168 2419 ud

162 2462 228 2505 eam
242 2445 493 2521 consequendam,
506 2445 622 2504 veniam
634 2443 778 2504 nimirdm
799 2455 982 2524 peccatorum
994 2487 1003 2517 ,
1016 2453 1048 2504 et
1065 2462 1169 2522 perse-

162 2529 326 2590 verantiam
338 2529 467 2589 finalem.
477 2530 507 2589 5.
517 2528 620 2603 Quoad
631 2526 820 2605 charitatem,
833 2531 900 2609 quia
910 2532 987 2589 Deus
995 2536 1039 2589 ese
1050 2528 1169 2589 bonitas

161 2612 445 2681 inlinita,tenemur
464 2631 533 2672 eum
554 2630 643 2692 super
665 2615 763 2673 omnia
781 2611 1004 2692 diligerc3huic
1018 2623 1169 2692 precepto

160 2696 432 2774 alterumadjicitur
444 2696 594 2759 charitatis
604 2742 613 2769 ,
625 2698 734 2758 seilicet
743 2697 883 2776 diligendi
893 2699 1078 2777 proximum,
1088 2698 1167 2759 sieut
1269 2767 1276 2774 ,

161 2798 215 2841 nos
230 2782 317 2859 ipsos.
329 2783 358 2841 4.
374 2782 554 2843 adorarem
569 2781 691 2842 demum
706 2782 896 2843 obtinendum
909 2790 979 2843 sunt
998 2783 1087 2841 etiarn
1112 2797 1166 2841 ne·

160 2867 281 2925 cessaria
293 2865 368 2925 bona
378 2883 467 2943 opera
479 2908 487 2935 ,
502 2865 646 2926 servando
657 2866 792 2927 mandata
804 2868 877 2938 Dei,
891 2874 921 2927 el
934 2865 1067 2926 Ecclesioe
1077 2907 1086 2938 ,
1098 2884 1166 2944 quae

160 2948 191 3006 in
212 2947 340 3026 decalogi
353 2959 383 3008 et
395 2947 529 3008 Ecclesiae
546 2951 698 3027 preceptis
710 2952 909 3011 continentur.

197 3034 265 3094 tta.
285 3032 430 3105 —Quod
452 3043 550 3092 autern
569 3043 680 3110 spectat
699 3034 736 3094 nd
760 3033 922 3094 seeundum
943 3052 1052 3095 munus
1069 3035 1166 3111 expli·

158 3116 241 3178 candi
261 3116 466 3193 evangelium,
485 3117 548 3176 sivo
564 3119 768 3195 Scripturam,
786 3118 956 3192 sciendum,
978 3120 1055 3180 duos
1068 3118 1166 3196 ipsam

157 3218 259 3260 sensus
278 3198 406 3272 habere,
430 3196 603 3271 litteralem,
618 3211 648 3261 et
664 3204 845 3282 mysticum:
870 3203 924 3264 llle
945 3211 990 3263 est
1004 3199 1161 3278 litterulas,

157 3286 207 3364 qui
221 3303 274 3364 per
285 3286 347 3363 ipsa
358 3285 447 3347 verba
457 3285 649 3363 significatur
666 3289 828 3367 stipatione,
839 3289 890 3367 qui
904 3307 964 3349 non
980 3286 1165 3366 significatur

156 3370 348 3445 perverba,
373 3370 424 3430 sed
452 3388 592 3449 perram
619 3370 690 3448 ipsis
716 3373 815 3432 verbis
838 3372 1105 3452 significatam,v.
1129 3391 1164 3448 g.

156 3449 361 3511 cdmdieitur.
352 3450 519 3514 ·Siuculus
535 3462 604 3515 tuus
617 3451 856 3531 aromaticam,
868 3473 1034 3526 erateettm,
1045 3463 1099 3516 eto.
1113 3453 1165 3516 lric

156 3546 216 3587 non
238 3533 358 3625 quidem
380 3538 550 3614 praecipitur
569 3539 646 3598 oculi
664 3539 823 3610 abscissio,
837 3539 1060 3600 sedseandali
1037 3558 1100 3599 srve
1112 3557 1165 3599 oe-

157 3612 289 3671 casionis.
318 3617 426 3679 Senem
444 3628 605 3680 autema
565 3621 732 3700 carpatiae
724 3643 755 3684 ru
775 3624 926 3687 trosellos
949 3622 1165 3690 subdividitur.

1291 2469 1294 2544 i
