2642 4167
155 221 214 284 ate
402 220 539 281 Examen
551 214 797 280 ordinandorum.
815 217 888 310 Cap.
903 216 932 280 3.

154 321 254 383 dotem
274 337 330 398 pro
350 316 398 379 his
417 319 525 381 allerre
545 319 661 379 Missam
677 319 766 379 etlam
786 318 906 379 nomine
929 317 1166 381 Ecclesioeslirbt

155 406 236 466 enim
259 406 347 464 etiam
372 403 490 464 tolerati
512 404 572 464 sint
594 403 705 464 exclusi
730 400 747 462 b
771 404 1038 464 communicatione
1058 403 1165 463 sullra-

154 490 294 566 giorum,
316 497 416 548 tamen
434 488 500 548 aliis
522 487 624 547 datum
644 496 689 547 cst
707 485 724 546 ia
744 485 873 546 Concilio
887 487 1100 548 Constantiensi
1118 487 1167 565 (ut

156 570 284 633 habetur
301 573 331 631 ia
344 574 472 632 Bataua.
487 573 604 631 ltartini
623 573 660 631 V.
673 568 721 630 Aa
732 569 882 648 evitando)
894 570 987 632 liberti
999 589 1083 649 posse
1094 586 1165 631 cum

82 721 84 728 .
156 655 228 735 ipsis
256 657 473 717 communicare
502 654 597 715 adlauc
619 656 658 719 ‚iu
688 654 822 738 divinis,
852 666 941 732 prout
975 656 1088 716 dietum
1118 662 1165 716 est

158 736 181 799 l.
201 742 231 800 7.
254 758 287 799 o.
312 739 381 801 tao.
405 740 452 800 Sic
471 739 583 818 pariter
612 735 793 817 probabilius
822 737 891 799 lieet
912 739 1020 800 offerre
1046 741 1166 801 llissam

158 842 214 904 pro
239 823 432 896 infidelibus,
460 832 495 883 ut
518 823 624 884 docent
653 819 796 883 Bellum.
822 823 928 901 Lapat.
950 827 1040 886 Scor.
1067 823 1171 902 Solon.

157 915 210 969 etc.
231 917 332 969 eontra
353 909 473 982 Satura,
499 908 568 984 quia
587 906 721 967 Christus
745 922 801 983 pro
822 908 960 968 omnibus
984 925 1016 968 se
1036 907 1165 983 obtulit,

157 992 249 1072 idque
268 990 348 1052 certe
363 991 476 1051 licitum
492 992 548 1051 luit
566 990 597 1050 in
611 991 675 1067 lege
687 991 799 1064 veteri3
815 988 909 1049 tadei
927 993 1008 1052 enlm
1021 1011 1075 1071 pro
1086 995 1167 1056 Gen·

157 1078 237 1138 tibus
254 1075 415 1136 sacrificare
428 1074 491 1152 jam
506 1084 722 1137 consueverunt
736 1072 809 1151 (tt
825 1073 963 1137 Mactat.
974 1096 1000 1137 c.
1015 1077 1076 1156 ll.)
1086 1100 1097 1137 .·
1109 1096 1166 1157 pro

157 1159 303 1221 defunctis
321 1167 419 1219 autem
437 1160 468 1219 in
482 1159 653 1238 purgatoria
674 1159 866 1219 existentibus
878 1167 991 1220 certum
1010 1170 1071 1231 cst,
1084 1163 1166 1225 etde

129 1278 131 1284 ·
157 1243 239 1318 lide,
256 1253 290 1304 ut
306 1244 391 1304 docet
408 1244 492 1305 Trid.
507 1261 576 1305 sesa.
590 1245 640 1303 22.
655 1263 681 1304 c.
695 1246 727 1304 2.
741 1252 772 1303 et
791 1244 822 1303 iu
839 1261 905 1303 coac.
921 1246 969 1315 5.,
985 1246 1064 1325 qubd
1083 1247 1166 1309 licitd

157 1339 189 1391 et
212 1330 325 1389 utiliter
347 1328 432 1388 Missa
456 1327 591 1389 affertur.
617 1328 709 1406 ldque
734 1346 770 1388 ex
800 1328 946 1387 infallibili
972 1331 1167 1408 promissione

158 1412 285 1483 Christi,
304 1421 337 1472 ut
354 1410 540 1473 communitis
555 1421 585 1473 et
600 1410 701 1473 veritis
714 1413 826 1492 (eontra
839 1414 971 1484 Canum,
982 1414 1167 1491 etc-ldooeat

158 1498 239 1558 Arar
246 1540 257 1573 ,
271 1497 362 1556 Sator.
378 1498 511 1557 Naoura.
525 1492 619 1555 Solm.
632 1503 705 1572 ete,
721 1498 809 1573 quia,
820 1494 888 1556 edm
904 1506 1018 1558 eertum
1031 1500 1070 1558 sit
1083 1500 1167 1578 qudd

159 1580 245 1642 atissa
267 1582 380 1641 utiliter
401 1599 457 1659 pro
477 1580 622 1641 delunctis
642 1580 804 1650 offeratur,
828 1578 885 1642 boe
906 1599 968 1644 non
987 1592 1169 1661 potestesse

160 1666 217 1726 uisi
238 1684 275 1727 ex
291 1666 486 1746 promissione
502 1665 610 1726 Christi
629 1661 663 1743 (l.
678 1683 703 1726 e.
715 1683 748 1724 a.
763 1662 855 1743 δία).

199 1783 268 1844 tut.
281 1816 320 1828 -
330 1785 428 1858 Quoer.
444 1784 495 1844 tv.
509 1784 675 1860 Quotuplcx
684 1791 730 1842 est
743 1782 855 1842 tructus
868 1781 986 1842 Missae?
998 1784 1170 1863 Responde-

160 1875 227 1929 tur:
242 1866 354 1926 tructus
368 1869 462 1927 llissm
475 1867 550 1926 alius
570 1876 614 1927 est
626 1886 663 1927 aa·
676 1884 761 1947 opere
773 1874 911 1947 operato,
930 1885 1036 1945 nempe
1050 1887 1086 1929 ex
1103 1890 1171 1933 me·

160 1950 362 2027 ritoclarist13
379 1950 499 2011 aliusec
515 1952 757 2031 aperecperaotia
771 1952 898 2021 ‚scilicet
908 1969 944 2011 ex
957 1955 1062 2014 merito
1072 1973 1173 2019 sacer·

159 2035 246 2096 dotis.
262 2037 346 2108 ¹ltem
367 2035 442 2095 alius
466 2042 511 2095 est
525 2035 718 2109 sacristariae,
741 2036 815 2095 alius
838 2033 1073 2116 satisfactorias,
1091 2042 1170 2103 alius

161 2119 393 2199 impetratoriaa.
416 2121 490 2179 ltem
515 2118 590 2178 alius
609 2117 781 2199 pectoralia,
805 2121 856 2197 qui
878 2119 1005 2199 obtingit
1028 2126 1169 2187 omuibus

161 2202 320 2273 fidelibus,
336 2201 433 2277 vivis,
456 2211 487 2261 et
507 2202 653 2262 defunctis
667 2223 677 2280 3
690 2204 766 2263 alius
779 2200 936 2283 specialis,
958 2206 1019 2265 sive
1032 2203 1167 2286 medias,

159 2285 315 2365 ablingens
334 2285 534 2346 assistentibus
548 2288 642 2346 llissoe
654 2329 663 2350 .
674 2296 706 2347 et
721 2289 748 2347 ci
761 2290 809 2348 cui
822 2289 985 2366 applicatur
996 2310 1005 2365 ς
1017 2291 1092 2367 alias
1106 2310 1171 2373 spe·

159 2367 338 2432 cialiacimus
360 2370 517 2450 ablingens
544 2370 598 2431 soli
622 2371 782 2433 celebranti
800 2394 809 2449 3
830 2372 882 2451 qui
904 2391 959 2451 pro
984 2374 1036 2434 illo
1061 2378 1170 2454 nequit

159 2456 255 2515 allum
274 2456 455 2533 stipendium
480 2456 632 2535 accipere,
653 2475 690 2517 ex
710 2475 797 2536 prop.
825 2458 853 2518 8.
880 2457 1017 2518 damnata
1039 2459 1076 2518 ab
1098 2456 1171 2519 Ale·

162 2540 280 2604 candro
300 2542 373 2604 vlt.
1025 2539 1030 2544 ’

200 2667 270 2726 105.
281 2665 375 2726 -Αιι
386 2665 470 2726 Missa
485 2667 524 2728 sit
539 2666 648 2728 infiniti
663 2666 790 2740 valoris,
809 2675 871 2728 tam
894 2666 1058 2741 intensiva,
1077 2668 1171 2747 qudm

162 2749 329 2812 extensive?
350 2751 453 2811 Plures
470 2753 534 2812 Dl).
557 2761 665 2830 negant
679 2774 688 2829 ς
703 2752 802 2830 plures
820 2751 891 2812 verb
917 2752 968 2810 alii
985 2752 1170 2828 probabilius

162 2836 331 2912 affirmant,
347 2843 380 2895 ut
397 2837 509 2909 Goaat,
525 2836 658 2906 Habeat,
675 2836 807 2906 triecio,
822 2838 969 2896 Petraear.
983 2831 1170 2914 rapacum,

164 2923 276 2981 Tauro.
292 2918 379 2980 Cotta.
391 2916 509 2980 Holzoa.
526 2919 681 2999 Wipandt‚
696 2923 741 2981 La
752 2918 860 2990 croix,
876 2922 993 2994 Cottas,
1009 2917 1102 2980 Solos.
1113 2929 1170 2982 cte.

162 3023 195 3064 ae
210 3023 265 3084 pro
284 3002 330 3063 his
343 3012 387 3063 est
404 3004 493 3064 etiam
511 3005 552 3063 D.
572 3003 698 3065 Thrasea
709 3029 720 3080 ,·
732 3006 800 3083 quia
814 3005 896 3064 Missa
910 3015 954 3065 est
970 3004 1064 3076 idem,
1079 3005 1172 3083 quam

162 3089 257 3149 cruris
270 3086 445 3148 sacrificium
457 3087 552 3165 ‚quod
568 3089 624 3147 luit
636 3090 745 3148 infiniti
756 3088 874 3148 valoris.
886 3087 964 3148 Licet
975 3099 1074 3149 autem
1086 3090 1172 3152 valor

161 3173 201 3232 sit
219 3172 370 3243 infinitus,
384 3171 503 3232 allectus
520 3181 618 3233 tamen
634 3174 729 3233 otissa
742 3173 844 3232 finitus
862 3179 906 3231 est
919 3215 928 3243 ‚
941 3190 977 3232 ex
990 3172 1072 3232 linita
1084 3193 1173 3252 capa·

53 3259 56 3263 ’
161 3258 250 3319 citato
273 3255 432 3317 hominum
454 3275 510 3336 pro
529 3259 636 3334 quibus
656 3257 802 3329 offertur,
818 3276 946 3334 quorum
967 3260 1173 3337 unusquisque

161 3342 288 3421 percipit
313 3341 442 3402 fructum
462 3341 546 3419 juxta
569 3361 652 3403 suam
676 3343 876 3420 capacitatem.
902 3342 959 3401 Sed
979 3343 1049 3419 quia
1073 3344 1174 3421 prima

160 3426 304 3486 sententia
316 3436 359 3485 est
371 3427 459 3486 etiam
471 3425 648 3504 probabilis,
659 3428 763 3504 nequit
775 3424 908 3486 sacerdos
921 3426 1052 3503 accipere
1060 3426 1174 3505 duplex

159 3507 374 3600 stipendiumi
399 3510 536 3582 duobus,
559 3510 732 3588 applicando
751 3511 793 3570 eis
816 3510 933 3569 blissam
950 3509 1112 3581 ambobus,
1137 3519 1173 3571 ut

159 3584 349 3650 satsbdrcebat
361 3609 445 3668 posse
453 3609 572 3671 propos.
583 3596 630 3655 to.
639 3594 776 3660 damnata
787 3593 824 3655 ab
834 3593 936 3654 eodem
944 3590 1088 3655 Alexand.
1097 3595 1169 3655 VII.
