2642 4167
203 243 267 311 ,356
402 239 537 322 Epitom
549 237 688 302 doctrine
702 235 823 300 auratis
834 243 862 298 at
875 235 1021 299 cononice

208 342 306 403 statim
324 339 387 401 iore
404 340 573 411 oriundos,
592 339 660 400 licet
675 338 791 417 publice
807 355 841 397 ac
849 336 1031 396 nominatim
1043 333 1207 399 deuuutiati

209 443 269 487 uon
281 425 360 491 sint
374 425 442 501 quia
461 422 529 483 laeti
549 423 725 485 notorietate
739 422 939 518 dignoscitur,
962 420 1029 481 illos
1047 420 1078 480 iu
1093 438 1210 482 excom·

208 508 438 569 manicationem
465 507 623 581 incidisse,
649 504 911 566 excommunicatio
940 503 994 563 ista
1025 521 1209 583 nequaquam

207 593 388 660 sustinetur,
410 588 478 651 ιΙιιιι
499 599 642 669 repugnet
661 587 869 649 Constitutioni
886 586 1016 647 Martini
1033 589 1070 648 V
1084 585 1132 648 Act
1150 590 1209 649 coi·

209 674 301 735 tundo
309 673 502 753 ,quidquid
493 693 524 733 ιιι
538 674 705 751 oppositum
718 671 824 730 sentiat
832 672 1012 749 Fapnonus
1004 688 1035 730 ιιι
1048 689 1113 748 cap
1127 670 1209 745 thod

207 720 467 839 dproellecestorc,
489 775 521 817 ιι.
540 753 818 818 saeculalaria
842 755 886 813 De
905 756 978 832 Syn.
1001 756 1094 816 Dioec
1117 757 1139 815 Ι
1159 760 1205 818 ta.

208 860 234 901 ι.
252 844 281 901 h.
297 860 329 901 ιι.
344 845 373 901 t.

246 926 515 985 Excomniunicatio
547 925 577 984 in
602 923 682 983 botta
706 924 820 993 Coenoe,
845 924 909 1000 qud*
930 930 1047 982 vetatur
1073 923 1205 987 fidelibus

207 1009 321 1070 deterre
341 1026 442 1083 arina,
464 1018 520 1068 ete.
541 1007 578 1066 ad
601 1008 710 1067 Turcas
723 1051 731 1077 ,
745 1025 805 1066 uon
825 1007 914 1068 allicit
932 1007 1034 1067 fideles
1046 1009 1205 1072 'lurcorum

207 1095 331 1170 irnperio
350 1092 515 1168 subjectos,
535 1092 586 1169 qui
606 1092 819 1170 imperantibus
837 1092 987 1152 illisarma
1002 1093 1204 1170 suppeditant,

208 1176 265 1238 alid
283 1175 476 1236 transvehunt
486 1219 494 1246 ,
506 1174 669 1235 dummodo
688 1176 718 1235 id
733 1184 872 1254 peragant
884 1183 982 1235 amoto
993 1177 1094 1235 auimo
1108 1179 1205 1256 iniquo

206 1260 332 1323 nocendi
354 1259 500 1320 fidelihus.
515 1263 559 1319 Dc
572 1261 642 1337 Syn.
659 1261 751 1321 Daoec.
771 1260 792 1320 Ι.
808 1262 855 1320 ta.
870 1278 896 1320 c.
911 1261 960 1319 20.
976 1278 1008 1318 ιι.
1022 1261 1052 1319 ti.

245 1344 291 1405 nd
317 1345 460 1423 postulata
481 1345 691 1421 Episcoporucu
714 1343 924 1404 Albanensiuro
952 1345 1129 1421 rescriptum
1156 1350 1205 1410 luit

207 1430 475 1508 bCougrcgatione
498 1429 536 1488 de
559 1427 746 1505 propagandi
766 1427 856 1504 Fide,
878 1427 1035 1488 mandante
1050 1431 1203 1502 Pantitae,

209 1533 247 1575 ne
263 1514 461 1592 inquietarent
476 1512 595 1580 fidelos,
608 1512 633 1570 si
651 1511 774 1570 navibus
789 1514 850 1570 suis
863 1512 900 1571 ad
913 1514 1022 1572 'turcas
1036 1514 1121 1574 nullo
1135 1515 1206 1577 bello

208 1602 288 1661 inter
299 1597 472 1658 christianos
490 1607 519 1657 et
537 1598 646 1656 Turcas
662 1596 797 1664 lucente,
816 1595 1006 1655 transvehunt
1020 1597 1134 1676 sclopos
1150 1618 1206 1661 ma·

205 1683 306 1762 joses,
329 1692 380 1742 aut
405 1684 554 1751 minores,
576 1679 712 1753 sarissas,
736 1679 868 1756 gladios,
894 1680 1045 1757 plumbeas
1067 1682 1204 1757 glandes,

209 1770 352 1829 uitratum
373 1767 545 1843 pulverem,
565 1762 739 1838 chalybem,
755 1766 889 1833 serrum,
912 1762 1131 1833 aurichalcum,
1152 1788 1203 1838 aes,

208 1853 291 1912 funes
308 1860 339 1911 ct
358 1851 413 1909 alia
433 1850 470 1909 ad
491 1866 578 1908 noves
601 1848 718 1907 bellicas
734 1847 916 1907 instruendas
933 1847 1055 1916 idoneo,
1077 1849 1205 1912 adhibito

209 1945 307 1997 umen
325 1934 414 1995 modo
430 1933 526 2010 quoad
541 1949 698 1991 numeram
712 1939 742 1990 et
754 1933 963 2009 quantitatem,
974 1939 1008 1990 ut
1019 1931 1085 1991 lieri
1098 1934 1136 1992 ab
1153 1937 1204 1995 illis

207 2018 329 2079 solebat.
352 2019 480 2076 Firmoin
505 2026 603 2075 tamen
628 2016 722 2075 voluit
747 2014 977 2093 prohibitionem
1002 2017 1203 2078 transvehendi

207 2103 255 2162 vel
276 2101 354 2179 pacis
369 2110 521 2178 tempore,
542 2099 589 2158 rel
610 2099 678 2158 belli
692 2143 702 2172 ,
717 2101 878 2168 mortaria,
898 2099 1093 2159 incendiarios
1115 2105 1202 2180 pilas,

207 2191 353 2246 tormenta
364 2184 465 2243 bellica
476 2181 597 2258 majora,
608 2183 778 2260 plumbeos,
789 2192 840 2242 aut
852 2184 961 2242 ferreos
968 2182 1088 2259 maioris
1095 2189 1202 2247 moduli

207 2269 327 2349 globos,
341 2268 477 2345 ipsosque
489 2267 602 2343 selopos
618 2267 727 2343 ingenti
744 2285 881 2328 uuiucco.
891 2269 964 2340 Quae
977 2277 1077 2330 tamen
1090 2272 1204 2335 facultas

205 2355 265 2415 illis
285 2354 358 2413 laeta
378 2359 443 2420 cst,
460 2351 529 2427 quia
551 2367 611 2409 ιιοιι
630 2350 716 2410 aliter
738 2360 860 2428 possunt
879 2352 990 2411 victum
1012 2353 1070 2415 sibi
1091 2374 1203 2433 compa

208 2455 292 2511 rare,
312 2446 484 2513 atrocesque
501 2437 717 2511 persecutiones
737 2437 858 2494 evitare.
875 2436 951 2495 lbid.
966 2454 997 2494 n.
1012 2437 1042 2496 7.

532 2652 538 2661 .
605 2605 805 2664 ΕΧΕΙΙΡΤΙΟ.

247 2773 401 2853 Exemptio
422 2774 613 2845 {ecclesiastici
642 2773 659 2833 d
679 2773 885 2851 jurisdictione
916 2778 960 2836 sui
981 2778 1114 2854 Episcopi
1146 2796 1201 2839 noo

207 2860 378 2920 conceditur
393 2858 411 2919 a
427 2860 675 2937 Congregatioue3
690 2861 747 2919 nisi
765 2861 916 2921 evidenter
929 2862 1072 2940 probetur
1083 2864 1202 2922 saevities

206 2951 308 3003 contra
330 2961 361 3004 se
382 2945 527 3010 exercita,
541 2952 591 3001 aut
609 2942 707 3017 justus
725 2945 815 3004 timor
836 2964 873 3004 ne
894 2955 1085 3015 exerceatur,
1105 2957 1136 3005 et
1153 2965 1201 3004 nce

206 3035 277 3086 tunc
294 3028 351 3088 uisi
365 3025 448 3106 prius
461 3027 562 3086 audito
574 3026 732 3087 Ordinario
744 3072 752 3098 ,
765 3030 886 3106 ipsoque
898 3029 1026 3090 fraterne
1036 3029 1201 3105 admonito,

206 3117 239 3168 ut
259 3108 360 3172 millias
378 3120 455 3187 agat.
470 3112 515 3169 De
533 3112 606 3188 Syn.
621 3110 713 3171 Dioec.
731 3113 754 3169 l.
769 3114 815 3171 15.
830 3131 893 3190 cap.
910 3116 957 3173 ΙΙ).
974 3132 1004 3172 ιι.
1018 3115 1068 3174 50.

245 3198 329 3256 Tunc
346 3204 445 3255 autem
461 3195 636 3273 plerumque
656 3194 732 3254 nihil
746 3195 780 3254 lit
792 3196 872 3257 aliud
887 3198 943 3257 nisi
964 3207 997 3256 ut
1015 3196 1201 3274 prohibeatur

205 3280 400 3353 ordinarius,
425 3296 463 3338 ue
486 3279 624 3356 procedat
647 3278 685 3338 ad
706 3298 858 3351 censuras,
879 3282 1127 3350 cancerationeru,
1147 3290 1199 3338 etc.

205 3365 261 3425 uisi
276 3361 360 3441 priuis
376 3362 522 3423 obteuttia
533 3365 781 3442 congregatione,
794 3365 840 3423 vel
852 3363 869 3424 i
880 3366 1104 3444 Metropolitano
1116 3364 1199 3424 sacul-

205 3456 274 3508 tate.
295 3445 400 3506 lutosi
422 3465 491 3508 reus
509 3448 540 3505 in
561 3447 695 3527 flagranti
717 3450 841 3508 crimina
859 3448 1115 3525 deprehendatur,
1133 3457 1199 3506 tuuc

206 3547 265 3588 nou
288 3530 464 3606 intelligitur
483 3531 628 3591 subtracta
647 3532 767 3590 incultas
787 3532 944 3591 Ordinario
965 3530 1140 3610 procedendi
1156 3527 1243 3587 ad·

205 3608 304 3667 ιιιεὺε
325 3610 566 3688 delinquentem,
590 3625 623 3674 ut
643 3633 680 3674 ex
698 3617 783 3677 Decr.
802 3617 832 3675 S.
850 3618 990 3694 Cougrcg
1012 3616 1086 3676 lbid
