2642 4167
689 104 702 133 Ι

389 243 898 329 §.Vll.Dee‘asestotiaotloemone.
1111 264 1150 325 95

143 358 220 439 plicis
243 355 380 418 resistere
408 354 493 415 malis
519 355 789 429 commotionibus,
813 375 868 417 nce
894 358 987 419 ullum
1014 379 1148 430 cxcrcere

142 452 281 506 conatum
303 440 341 500 acl
364 443 445 499 actus
462 440 554 500 malos
569 440 796 518 impediend0s3
820 444 963 521 quoniam
980 446 1024 506 illi
1049 448 1147 529 impu·

140 527 222 589 tandi
236 532 328 598 sunt,
344 541 404 585 nou
416 521 479 599 jain
494 525 622 602 propriae
641 526 788 586 voluntati
799 569 808 597 ,
821 527 873 586 sed
884 527 1146 596 violentiaedoemo

139 614 204 684 nis,
226 620 280 672 aut
297 609 437 670 sensualis
449 609 601 686 passionis.
615 611 658 668 En
673 610 835 688 propositio
845 609 909 687 ejus
920 613 1146 680 fundamentalis

137 699 217 777 (quaa
234 704 280 757 cst
298 715 332 756 n.
347 693 409 771 lt.)
423 693 571 770 quomodo
585 693 719 770 loquitur
733 714 741 752 z
760 693 882 755 Tradita
895 698 958 757 Deo
971 694 1059 762 libero
1070 702 1146 763 orbi·

138 780 198 841 tta'o
212 825 220 853 ,
236 777 365 841 cteidena
381 773 483 837 relicto
499 782 571 837 curet
583 785 612 836 et
626 778 789 856 capnitione
808 777 917 839 animm
934 790 1063 860 nostroe,
1084 805 1145 848 non

136 861 325 943 estamplius
341 859 475 923 babendo
493 859 800 933 rotiotentottbnune‚
813 881 864 923 nee
878 862 920 924 eis
934 863 998 926 otto
1009 871 1145 931 rescaten-

136 948 182 1008 te‘a
193 947 265 1027 fieri
275 945 370 1020 debet,
384 944 447 1006 nisi
457 943 595 1026 neapolion
608 989 616 1017 ,
639 942 725 1005 nulle
737 945 870 1007 attitiae
890 947 1050 1025 industria.
1064 955 1147 1016 Etsi

135 1040 251 1092 reatino
261 1037 477 1100 cmaeniooctur,
493 1037 606 1110 oportet
617 1028 714 1090 sinere
726 1038 760 1090 ut
768 1040 982 1092 commoveatur
995 1078 1003 1107 ,
1017 1036 1088 1117 quio
1100 1044 1144 1100 est

134 1126 262 1177 notura.
277 1115 366 1174 Adest
378 1116 439 1173 'alia
455 1115 534 1173 illius
551 1117 713 1192 propositio
731 1115 774 1191 (n.
787 1115 849 1193 ll.)
866 1136 932 1194 quae
955 1121 1046 1197 magis
1066 1123 1142 1183 inni-
1167 1148 1170 1151 ·

135 1201 298 1262 vidualiter
310 1199 346 1257 ad
366 1217 464 1258 casum
477 1207 611 1258 nostrum
629 1200 776 1276 pertinet,
794 1210 824 1260 et
839 1201 934 1261 dicit:
950 1202 1024 1263 Ct'em
1039 1204 1143 1286 hujus-

133 1282 219 1345 modi
232 1278 379 1344 uiolentiae
396 1289 569 1355 occurrunt,
585 1282 681 1343 sinere
697 1292 828 1364 oportet,
850 1293 886 1345 ut
906 1294 1030 1349 sororios
1044 1308 1142 1369 opere-

133 1377 208 1439 tur,
232 1365 349 1428 nullone
378 1365 540 1428 adhibendo
568 1366 750 1428 totototo-tam
779 1365 954 1452 necllumque
986 1375 1142 1453 proprium

133 1459 324 1527 conatum...,
333 1452 450 1512 etiamsi
460 1449 817 1532 sequanturpollute'onea,
827 1457 1029 1515 etc.llotentur
1039 1459 1140 1529 sorbo,

133 1536 230 1596 sinere
252 1544 384 1617 oportet,
404 1531 521 1595 nullum
537 1535 735 1597 adhibendum
750 1546 904 1610 conatum,
920 1547 972 1598 ete.
986 1539 1043 1599 Sed
1064 1560 1141 1616 quo-

132 1621 223 1680 moilo
236 1630 406 1700 potestesse
428 1621 491 1679 sine
511 1623 595 1699 culpa
615 1621 754 1681 omittere
772 1623 971 1682 resistentiam
990 1622 1022 1682 in
1039 1622 1142 1701 liujus·

132 1706 215 1767 modi
233 1705 496 1780 commotionibus,
513 1716 543 1765 et
557 1708 654 1766 sinere
670 1714 703 1765 ut
720 1707 837 1766 daemon
849 1715 1010 1785 operetur,
1026 1709 1139 1772 etiamsi

131 1791 314 1873 pollutiones
324 1799 508 1868 sequantur?
520 1794 626 1852 Nonne
642 1798 779 1873 patenter
791 1788 839 1850 hia
852 1803 972 1869 apparet
982 1810 1140 1858 concursus
1252 1870 1258 1875 ¹

130 1876 262 1955 propriae
272 1876 456 1935 voluntatis?
469 1878 527 1935 tioc
537 1877 659 1954 quidem
679 1884 743 1935 crat
756 1874 837 1952 quod
852 1876 1095 1956 ajebatlllolinos,
1108 1890 1138 1942 ct

129 1961 173 2019 ita
193 1958 393 2038 intelligendae
414 1968 484 2020 sunt
506 1976 610 2021 omues
636 1960 701 2020 aliae
721 1961 813 2039 ipsius
838 1959 983 2022 damnatae
1003 1954 1146 2042 proposi?

128 2046 238 2104 tiones.
468 2064 470 2069 ’

169 2125 318 2189 Coetcrilm
329 2144 404 2197 cur,
420 2127 610 2205 permittente
623 2128 685 2187 Deo
698 2171 706 2199 ,
721 2146 781 2187 non
793 2136 889 2207 potest
901 2120 1017 2192 damon
1033 2150 1137 2211 cogcrc

108 2283 111 2288 ¹
127 2212 285 2275 bominem
298 2211 362 2270 sine
374 2210 436 2269 ullo
452 2211 543 2288 ipsius
559 2212 720 2271 voluntatis
737 2230 823 2272 sensu
844 2212 882 2273 ad
901 2214 1065 2275 iaciendum
1081 2219 1136 2277 ali·

125 2304 223 2376 quem
235 2303 332 2354 actum
351 2295 483 2353 malum?
503 2296 666 2371 Nequimus
685 2307 783 2356 outcm
804 2315 856 2357 nos
870 2341 879 2370 ,
893 2299 935 2358 ait
948 2301 980 2358 S.
995 2300 1137 2380 nepotati-

126 2397 207 2451 nata,
227 2397 281 2459 per
300 2380 430 2438 rationes
454 2376 690 2458 philosophicas,
710 2390 739 2440 ct
760 2380 923 2441 humanum
945 2384 1149 2443 ratiocinium·

125 2465 222 2535 scire,
235 2463 272 2523 ad
291 2464 364 2542 quid
384 2463 559 2523 extendatur
578 2465 625 2524 vel
650 2483 689 2524 no
709 2467 837 2542 potentia
854 2469 995 2526 naturalis
1008 2468 1134 2544 Angelo-

126 2567 222 2624 rnm3
238 2558 418 2627 quapropter
438 2549 470 2608 in
490 2546 544 2608 hac
558 2552 679 2610 matoria
694 2551 848 2628 plusquam
864 2549 1070 2629 philosophicae
1087 2571 1135 2611 ra-¹

123 2636 225 2694 aionas
243 2634 361 2694 movero
381 2652 433 2694 nos
449 2634 558 2694 debent
568 2634 605 2694 ad
626 2633 821 2711 judicandum
841 2636 1029 2694 auctoritates
1049 2635 1133 2696 thoo-

123 2718 287 2795 logorum,
306 2717 356 2793 qui
377 2717 460 2794 juxta
478 2719 591 2777 lumina
615 2736 652 2777 ex
671 2718 760 2776 sacris
780 2717 941 2792 scripturis
953 2727 1069 2795 accepta
1088 2721 1133 2779 lo·

121 2812 270 2880 queantur.
284 2803 430 2861 Habemus
444 2805 475 2863 in
489 2802 646 2881 Evangelio
662 2798 802 2860 Mattleoei
810 2842 819 2871 ,
832 2799 911 2876 qubd
923 2801 1038 2861 daemon
1047 2822 1132 2867 usum

123 2887 238 2962 lingua
254 2885 330 2945 benb
347 2895 444 2963 potest
463 2887 628 2965 impedire:
646 2881 824 2947 obtulerunt
841 2887 870 2945 ei
889 2885 942 2965 (sio
955 2887 997 2947 ibi
1010 2888 1130 2970 dicitur)

120 2966 272 3029 booaoiuem
283 2976 419 3042 mutum,
439 2969 618 3031 doetnone‘um
629 2969 801 3046 habeatem,
819 2977 848 3029 et
867 2969 954 3051 ejecto
966 2970 1130 3051 dmnonm,

120 3049 239 3112 locutus
250 3061 294 3113 cst
313 3059 423 3115 naeuus.
436 3052 546 3114 Mottb.
570 3056 600 3114 9.
615 3056 663 3115 52.
676 3062 706 3114 et
725 3055 775 3115 55.
795 3054 897 3132 lnquit
911 3055 1133 3135 chrysostomus

119 3135 208 3215 apud'
218 3133 386 3197 Corrtelinnt
398 3139 419 3197 e
432 3136 543 3218 Lepide
558 3138 660 3201 :Hine
675 3138 805 3210 uidetur,
816 3138 896 3220 quod
906 3139 1022 3200 daernon
1031 3139 1131 3219 feccrit

8 3211 9 3240 ³
118 3237 193 3280 mern
207 3220 536 3302 nantutn,a'mpediendu
557 3221 779 3304 mortaliaque.
798 3225 880 3293 Sicut
900 3226 991 3302 igitur
1014 3224 1130 3288 damon

117 3301 326 3364 humanorum
343 3322 430 3365 usum
443 3306 645 3368 membrorum
657 3308 802 3387 impedire
815 3316 926 3386 potest,
938 3308 980 3366 sio
990 3308 1040 3368 illa
1050 3328 1131 3371 com·

117 3403 244 3447 movere
262 3389 329 3448 sine
357 3386 486 3450 hominis
510 3392 672 3453 voluntate.
701 3395 775 3451 ltam
802 3393 834 3451 in
860 3391 964 3451 eodem
990 3392 1131 3456 Mattbeet'

116 3470 280 3549 EvangelIo
295 3471 440 3546 habetur,
450 3472 531 3553 quod
543 3475 663 3537 daemon
674 3475 859 3536 transtulerit
872 3476 969 3553 ipsum
979 3474 1129 3540 Christum

116 3571 211 3629 super
228 3557 333 3634 templi
352 3557 566 3633 pinnaculum:
588 3564 670 3620 Teme
687 3557 849 3639 usauenpst't
861 3557 1072 3623 cumdiobolua
1095 3564 1129 3624 in

117 3645 257 3701 sanctam
272 3638 438 3716 ciuitatem,
453 3649 481 3702 et
493 3645 600 3706 statuit
616 3662 683 3706 euin
698 3660 787 3724 super
797 3639 995 3724 pinnaeulum
1015 3644 1125 3726 templi,
1189 3664 1191 3666 ’
