2642 4167
193 265 232 325 te
471 260 582 344 Prusia
593 260 775 342 confessarii.
795 262 867 344 Cup.
886 265 914 323 5.

228 365 276 426 to.
291 363 394 434 Noni,
408 364 432 422 si
443 365 552 424 accedit
563 375 724 436 mereator,
738 365 937 441 interrogetur
949 362 1032 424 t.dn
1047 362 1195 441 deceperit

188 447 367 527 inpendere
385 457 415 506 et
435 465 570 507 mensura
585 469 594 524 3
610 450 640 510 2.
655 466 694 507 au
714 463 761 507 res
779 446 945 506 vendiderit
961 446 1037 505 ultra
1064 448 1193 524 pretium

188 549 387 609 supremum3
413 531 577 609 presertim
607 530 704 591 dando
734 546 846 590 merces
871 530 908 590 ad
937 528 1102 601 creditum,
1125 526 1194 589 eirm

188 625 335 695 emptores
353 625 450 676 essent
467 617 561 675 securri
576 659 584 685 ‚
599 624 629 674 et
649 614 726 675 nibil
741 613 842 673 damni
856 614 919 692 ipse
936 622 1011 675 essct
1033 630 1190 692 passurus:

188 717 225 758 an
243 708 342 778 autem
356 700 486 779 pretium
507 699 608 776 augeri
627 699 738 776 possit,
753 697 910 759 vendendo
929 698 966 757 ad
982 697 1145 768 creditum,
1159 714 1194 756 eo

188 780 268 858 quud
285 784 342 843 tale
358 793 402 843 est
420 783 549 861 pretium
570 800 692 841 currens
708 783 740 841 in
761 782 979 843 venditionibus
993 782 1029 841 ad
1049 781 1195 841 creditum

185 865 270 943 juxta
283 885 469 926 communem
485 866 735 926 aestimationem?
749 867 786 924 Et
806 884 844 925 un
862 885 909 926 res
920 910 928 934 .
941 885 1007 944 qum
1026 866 1197 926 venduntur

189 952 359 1010 minutatim
371 994 379 1014 .
393 949 489 1011 caritas
511 951 624 1025 possint
643 950 757 1011 vendit
770 950 891 1010 observa
907 949 1055 1012 doctrinas
1067 951 1098 1010 in
1108 950 1196 1009 Libro

190 1044 342 1093 annotatas
357 1030 424 1112 (1.1.
440 1052 472 1093 n.
485 1032 576 1111 809.).

228 1119 277 1177 tu.
291 1115 411 1177 Decimb
424 1161 432 1185 .
447 1115 471 1175 si
489 1117 598 1178 accedit
612 1127 723 1190 sartor,
738 1119 935 1196 interrogetur
947 1119 976 1178 i.
989 1135 1027 1177 an
1040 1118 1071 1176 in
1091 1115 1196 1175 diebus

191 1201 304 1262 festivis
322 1219 374 1278 per
399 1200 529 1259 notabile
543 1210 659 1278 tempus
682 1203 862 1263 laboraverit
877 1204 941 1262 sine
966 1198 1198 1261 extraordinaria

190 1302 275 1344 causa
285 1330 294 1360 ‚
313 1294 346 1343 ut
359 1292 452 1343 vestes
473 1284 649 1361 compleret,
668 1294 697 1345 et
717 1285 846 1346 dominis
856 1284 975 1345 afferret
989 1282 1021 1362 (l.
1035 1287 1065 1345 l.
1078 1304 1111 1343 u.
1127 1284 1197 1343 503.

189 1386 220 1427 e.
235 1365 450 1445 8111111111).ρ
463 1368 493 1428 2.
517 1369 563 1427 An
577 1367 691 1444 jejunia
710 1370 877 1449 impleverit
896 1368 933 1427 ab
947 1369 1071 1428 Ecclesia
1088 1365 1199 1445 praece·

190 1457 262 1530 pta?
284 1471 351 1510 nam
373 1461 499 1512 sartores
518 1451 556 1511 ob
575 1453 719 1512 sarciendi
744 1454 875 1513 laborem
898 1451 1053 1514 minimdai
1072 1450 1197 1528 jejuniis

190 1546 364 1596 excusantur
379 1532 412 1614 (l.
426 1555 450 1597 c.
466 1555 498 1595 u.
512 1538 597 1596 tutt.
608 1554 637 1596 v.
651 1537 913 1616 Barbitouaorev.).
927 1539 957 1597 5.
967 1539 1011 1596 An
1023 1540 1047 1597 si
1061 1538 1111 1596 alii
1123 1553 1199 1595 eom·

193 1620 331 1680 miserint
349 1622 375 1680 ei
397 1637 509 1699 pannos
523 1639 621 1680 emere
633 1666 641 1689 ‚
654 1621 717 1699 ipse
729 1624 857 1699 pretium
871 1621 963 1697 majus
981 1622 1128 1698 exegerit,
1142 1618 1198 1677 sub

192 1705 291 1764 colore
308 1703 386 1780 qudd
406 1710 552 1763 mercator
566 1704 606 1764 nb
622 1705 799 1782 peculiarem
811 1707 968 1765 amicitiam
983 1706 1077 1782 pretio
1090 1702 1200 1763 minori

192 1806 305 1866 pannos
327 1787 353 1846 ei
374 1787 511 1848 dederit?
528 1788 558 1846 Si
579 1787 680 1848 reverit
695 1808 763 1867 pars
781 1789 831 1848 illa
847 1790 934 1868 pretii
955 1788 1056 1848 fuisset
1071 1787 1126 1865 ipsi
1146 1786 1200 1846 do·

193 1882 261 1932 unta
274 1916 281 1941 ‚
296 1881 367 1930 tunc
384 1874 494 1949 poterit
508 1890 573 1931 eam
595 1874 731 1949 exigere,
754 1872 842 1933 modd
859 1872 1001 1933 moralem
1024 1870 1201 1950 premiserit

192 1956 375 2035 diligentiam
396 1955 475 2033 opud
494 1956 565 2015 alios
581 1964 776 2030 mercatores,
799 1965 851 2016 aut
871 1955 950 2015 eertb
966 1960 1036 2015 sciat
1050 1953 1130 2033 qudd
1148 1953 1201 2012 alii

193 2039 392 2099 communiter
416 2058 543 2098 mercem
559 2041 639 2100 ilium
655 2041 766 2100 minori
785 2059 845 2100 uon
868 2039 997 2099 vendant
1010 2039 1104 2116 pretio
1122 2035 1199 2115 (tit.

193 2125 224 2186 1.
241 2144 274 2185 n.
288 2126 357 2184 8⁶26.
373 2143 402 2182 1.
417 2126 539 2202 Cureti);
552 2124 607 2184 hoe
623 2136 722 2185 tamen
743 2127 830 2186 debet
850 2144 913 2186 esse
931 2122 1052 2185 omnini)
1066 2134 1201 2191 certum.

193 2209 325 2286 alioquin
346 2207 420 2267 nihil
443 2207 569 2287 amplitis
585 2218 682 2287 potest
703 2197 1201 2287 1111111111115111111111ηείὴί

193 2292 351 2352 retinuerit
361 2292 482 2354 frustula
496 2337 504 2363 ‚
521 2294 582 2352 sive
594 2295 757 2370 resegmina
776 2295 922 2365 vestium,
937 2312 1003 2372 quae
1017 2289 1203 2368 injustereti·

195 2384 262 2447 net,
283 2377 339 2434 nisi
363 2375 437 2436 adsit
460 2394 616 2438 consensus
642 2377 851 2448 dominorum,
876 2387 928 2438 aut
947 2379 1003 2437 nisi
1019 2377 1062 2435 illi
1087 2374 1202 2452 aliquid

194 2456 303 2535 injuste
315 2459 503 2520 detraherent
518 2480 555 2521 ex
580 2464 676 2538 pretio
691 2461 809 2535 debito,
823 2463 918 2524 adhue
939 2461 1043 2523 infimo
1067 2477 1202 2520 commu·

195 2546 274 2603 niter
288 2545 453 2603 aestimato?
468 2545 494 2604 a.
509 2548 554 2604 An
567 2546 621 2605 sibi
641 2547 754 2606 occasio
768 2550 901 2627 proxima
921 2546 1058 2624 peccandi
1072 2553 1147 2605 esset
1164 2561 1203 2603 ex

194 2628 370 2708 accipiendis
382 2630 493 2707 regulis
511 2628 587 2689 bend
605 2630 751 2689 formandi
768 2643 862 2692 vestes
878 2633 1036 2692 mulierum
1053 2647 1107 2707 per
1125 2629 1203 2705 ipsa-

194 2730 262 2772 rum
279 2730 436 2790 corporum
457 2716 773 2776 commensurationem
790 2716 891 2795 (valgia
912 2723 945 2774 ut
961 2715 1088 2784 dicitur,
1108 2711 1142 2771 io
1154 2712 1203 2790 pi·

192 2792 274 2874 ptiar
289 2792 319 2854 lu
332 2796 471 2875 rnr‘auru),
484 2808 535 2857 aut
546 2807 620 2858 esset
629 2817 666 2858 ex
677 2800 810 2877 aptandis
821 2802 951 2860 restibus
962 2799 1107 2869 foeminis,
1122 2795 1205 2873 quod

196 2881 300 2957 nequit
321 2879 385 2939 fieri
402 2882 457 2939 nisi
476 2899 543 2940 cum
557 2884 690 2959 ipsarum
709 2885 870 2944 mulierum
882 2881 1205 2955 attrectatione‚idque
1312 2909 1313 2948 a

195 2971 269 3024 esset
291 2966 396 3022 sartori
411 2964 522 3026 occasio
539 2967 674 3041 proxima
689 2967 837 3028 incidendi
857 2971 888 3028 in
910 2986 1012 3047 pravas
1033 2965 1205 3025 delectatio-

195 3065 266 3117 nes,
280 3057 331 3106 aut
347 3047 508 3118 desideria,
522 3057 613 3126 prout
631 3067 692 3110 non
704 3052 773 3112 rard
784 3054 889 3114 accidit
903 3050 1046 3130 improbae
1058 3048 1205 3109 couscien-

196 3133 244 3191 tiae
257 3133 351 3189 viris?

234 3213 479 3290 (11.11111111111111,
501 3216 526 3275 si
550 3216 660 3276 accedit
681 3217 777 3296 aliqua
801 3219 949 3279 venditrix
968 3219 1030 3277 sive
1044 3223 1204 3295 proxeneta
1311 3239 1312 3254 ¹

195 3298 339 3374 (intellige
358 3298 395 3357 de
416 3297 462 3357 his
482 3300 589 3376 quibus
604 3301 764 3362 traduntur
782 3302 798 3362 11
813 3303 942 3363 dominis
962 3320 1010 3360 res
1034 3300 1205 3361 vendendas

196 3382 386 3460 licitantibus)
406 3383 605 3460 interrogetur
630 3389 658 3445 t.
684 3405 721 3448 un
744 3386 856 3465 aliquid
878 3384 1037 3457 retinuerit
1054 3386 1143 3461 pretii
1166 3384 1205 3444 ab

197 3466 379 3541 emptoribus
396 3469 510 3526 exacti?
528 3468 679 3528 tenuimus
695 3472 774 3529 enim
793 3466 826 3548 (l.
848 3488 874 3530 c.
897 3488 930 3528 u.
953 3469 1021 3529 825.
1042 3486 1071 3527 u.
1091 3468 1206 3545 ouer.)
1310 3479 1311 3490 ¹

198 3548 278 3625 qubd
296 3550 444 3608 venditrix
467 3555 570 3629 nequit
588 3554 662 3612 illud
685 3573 826 3634 superans
844 3554 1066 3624 5111111ῑί1111,
1088 3553 1207 3614 etiamsi

198 3631 327 3693 traderet
350 3632 471 3700 domiuo
484 3637 612 3713 pretium
626 3640 663 3698 ab
676 3657 711 3699 eo
724 3641 928 3719 designatum,
942 3637 1088 3716 quietalis
1106 3636 1207 3697 deter-
