2642 4167
315 259 342 339 ς.
361 261 412 320 Ν.
426 258 545 322 Matuta
564 257 641 322 eirca
655 255 763 319 altiora
773 221 974 343 Sauconnam.
1094 244 1150 321 lli

182 454 211 536 S.
225 457 274 515 lV.
287 454 407 516 Motiito
420 455 498 515 eirea
521 450 629 515 altiora
639 457 849 526 Sacramenta,
869 448 1028 513 atmodum
1039 469 1097 534 qao

438 543 440 546 ’
473 536 587 601 utiliter
597 536 688 619 recipi
695 543 828 618 ροιιιιιιι.

340 766 345 772 ,
411 700 416 706 ⁸
461 713 587 777 Iscina
605 710 825 793 confasionem.

173 943 245 1004 not.
267 882 344 1005 Jtrr
357 940 445 1020 supr'a
463 941 496 1002 in
509 941 592 1019 praxi
609 941 757 1001 monitum
776 948 821 1000 est
840 938 916 1019 (aide
933 932 1067 1002 ananam
1080 942 1146 1002 Mo-

133 1025 232 1088 ralem
249 1023 271 1086 l.
297 1029 327 1087 u.
347 1044 380 1085 a.
403 1027 471 1086 260.
494 1024 523 1085 et
547 1023 629 1101 led.)
657 1023 737 1101 qubd
761 1025 833 1084 dum
856 1026 1020 1102 periculum
1043 1026 1147 1086 mortis

132 1114 248 1182 instat,
262 1119 313 1170 ant
327 1109 425 1169 forsan
439 1109 586 1169 viaticum
602 1107 733 1168 delatum
756 1119 820 1179 cst,
835 1118 865 1169 et
884 1111 971 1188 longa
991 1118 1066 1169 essct
1076 1128 1146 1170 oon·

132 1196 248 1265 lessio,
267 1203 339 1255 tuno
357 1194 495 1253 infirmus
521 1211 582 1254 non
603 1201 722 1253 tenetur
739 1195 838 1254 omnia
856 1203 886 1254 ot
904 1195 1018 1273 singula
1031 1200 1145 1272 peecata

133 1277 285 1340 confiteri.
299 1277 353 1338 llic
373 1272 499 1355 amplibs
521 1276 778 1339 animaduertenda
796 1281 969 1358 sequentia,
989 1276 1144 1338 nimirt'rm.
1190 1324 1193 1329 .

134 1367 167 1423 l.
183 1356 315 1440 Quisque
324 1363 457 1422 sacerdos
474 1364 504 1422 in
519 1362 623 1422 mortis
633 1379 694 1421 non
713 1360 809 1424 solum
831 1364 977 1435 articulo,
993 1362 1145 1424 sedetiam

132 1443 273 1528 periculo
288 1448 333 1525 (ut
356 1447 438 1508 Trici.
454 1465 523 1509 sess.
538 1451 585 1507 ll.
600 1465 625 1507 c.
641 1448 670 1508 7.
688 1447 858 1525 declaravit)
876 1449 1006 1508 censuris
1022 1456 1052 1508 ot
1072 1448 1146 1508 easi-

131 1532 195 1591 bus
211 1531 365 1592 reservatis
387 1531 534 1595 districtos
551 1541 646 1611 potest
666 1533 818 1592 absolvere
837 1529 870 1609 (l.
886 1533 915 1591 6.
933 1551 965 1590 n.
980 1531 1074 1605 boli.
1085 1530 1146 1588 dd·

132 1617 313 1677 ucrtendum
325 1625 423 1677 minen
436 1627 480 1678 cst
494 1662 502 1692 ‚
519 1618 605 1696 qubdv
618 1619 694 1677 circa
707 1634 843 1676 censuras
854 1625 1013 1675 reservatas
1029 1624 1146 1675 tenetur

136 1702 329 1763 confessarius
358 1701 494 1761 facultate
514 1720 615 1762 carens
633 1700 766 1763 imfirma
786 1700 967 1776 imponere,
992 1706 1026 1758 ut
1047 1700 1144 1776 elapso

137 1786 246 1845 mortis
259 1784 411 1863 periculo,
427 1803 459 1845 se
482 1794 642 1864 presentet
663 1782 830 1860 superiori,
855 1780 936 1842 sectis
957 1783 989 1842 in
1009 1800 1145 1843 censuros

132 1869 300 1942 reincidat,
320 1865 342 1929 l.
357 1887 382 1929 o.
397 1888 430 1930 ιι.
453 1871 519 1930 tua.
539 1887 569 1928 o.
583 1865 680 1929 Sectis.
701 1868 730 1926 2.
748 1865 880 1944 Simplex
903 1866 1036 1928 sacerdos
1048 1868 1144 1930 ubsol-
1251 1878 1252 1881 ’

131 1970 205 2013 vere
220 1971 280 2013 non
298 1960 414 2031 potest,
438 1962 582 2031 prasente
596 1950 771 2013 confessario
792 1950 975 2029 approbat03
994 1951 1077 2013 sectis
1099 1961 1144 2013 ta·

133 2054 206 2098 mon
221 2080 231 2109 ,
248 2037 272 2098 si
293 2037 483 2097 consessas-ius
502 2037 681 2116 approbatus
698 2036 797 2095 veniat
812 2033 874 2113 jain
900 2037 1015 2116 incepti
1031 2039 1142 2099 causes·

132 2123 220 2181 sione
228 2119 438 2197 3seedsetiam,
450 2121 474 2180 si
485 2123 663 2200 approbatus
675 2121 715 2181 sit
728 2121 862 2198 complex
872 2139 1003 2198 persona
1015 2123 1141 2185 infirme

132 2208 167 2267 in
181 2213 296 2284 peceato
309 2207 407 2282 turpi,
420 2204 465 2266 uti
475 2206 606 2267 decrevit
619 2224 728 2267 summ.
742 2206 851 2266 Pontii.
865 2207 1038 2270 Benedictem
1047 2211 1137 2270 XIV.

133 2287 203 2370 (lib,
219 2288 269 2349 cit.
291 2306 325 2348 ιι.
348 2288 441 2367 aba).
461 2292 491 2350 5.
513 2292 706 2352 lloribundus
722 2292 856 2352 sensibus
878 2291 1034 2353 destitutus
1061 2295 1140 2355 reetd

134 2383 232 2454 potest
252 2374 362 2436 absolui
379 2418 387 2447 ‚
403 2377 507 2437 saltem
527 2376 582 2437 sub
603 2377 771 2449 conditione
796 2376 886 2455 (quod
911 2380 1041 2437 securius
1058 2378 1138 2455 est),

133 2456 297 2519 dummodb
316 2468 429 2519 constet
448 2459 601 2521 infirmum
623 2462 839 2521 absolutionem
862 2459 1062 2529 desiderasse,
1080 2478 1138 2536 pm

133 2542 267 2604 nitentia
292 2542 410 2622 signum
433 2545 587 2622 praebens3
610 2546 707 2607 autsi
734 2544 943 2605 contessionem
968 2544 1116 2622 quesierit
1129 2570 1143 2620 ς

133 2625 195 2690 La.
222 2643 255 2687 n.
272 2627 343 2687 tet.
359 2636 390 2687 et
408 2628 439 2688 id
457 2629 651 2708 intelligitur,
675 2629 788 2689 etiamsi
810 2627 1006 2687 moribundus
1025 2627 1057 2687 in
1072 2637 1139 2688 actu

133 2711 245 2792 peceati
263 2728 367 2772 sensus
381 2713 532 2787 amiserit,
544 2710 566 2774 l.
581 2732 605 2774 a.
619 2731 656 2774 ex
669 2715 710 2772 D.
725 2708 886 2791 depactissi
902 2712 1073 2771 auctoritato
1086 2755 1095 2783 ,
1110 2722 1140 2773 et

132 2796 271 2873 ratione3
287 2796 357 2875 quia
382 2815 419 2857 ex
439 2816 498 2859 una
521 2805 608 2878 parte
625 2795 756 2858 conditio
776 2795 955 2853 Sacramenti
974 2794 1139 2857 irreveren-

132 2882 207 2941 tiam
223 2891 373 2954 removet,
388 2887 419 2942 ct
438 2900 474 2942 er
487 2884 543 2944 alia
565 2900 682 2960 semper
699 2882 730 2941 in
750 2880 800 2940 tali
814 2895 880 2937 casu
903 2896 1051 2957 quemque
1064 2884 1139 2945 velle

133 2983 196 3024 sne
215 2965 302 3025 saluti
326 2967 479 3027 consulere
493 2967 667 3045 judicatur,
687 2976 716 3027 et
730 2964 866 3026 sensibile
887 2964 1005 3042 aliquod
1022 2967 1138 3042 signum

134 3048 311 3124 ostendere,
333 3049 403 3112 licet
423 3054 520 3114 morbi
542 3055 626 3114 carisa
645 3053 764 3131 signum
783 3067 845 3110 non
857 3049 932 3110 bend
946 3050 1136 3128 intelligatur.

134 3136 167 3194 4.
180 3134 211 3194 Si
224 3133 360 3196 infirmus
379 3147 444 3216 post
462 3139 678 3199 tertiumdiem
690 3182 699 3209 ,
713 3135 781 3198 lieet
793 3137 830 3195 de
845 3135 976 3213 periculo
990 3139 1136 3215 monitus,

133 3235 190 3278 nee
211 3226 311 3279 emen
334 3220 469 3283 confiteri
491 3224 600 3295 vellet,
616 3224 762 3301 optimum
780 3221 839 3280 erit
851 3220 875 3278 si
895 3219 1028 3280 sacerdos
1045 3223 1139 3283 medi·

133 3320 204 3363 eum
224 3305 417 3378 monelaciat‚
434 3315 468 3366 ut
484 3306 567 3385 juxta
584 3311 616 3370 S.
636 3307 691 3367 Pii
706 3309 741 3369 V.
754 3307 890 3376 Bullam,
910 3322 980 3364 cum
999 3323 1060 3367 non
1076 3326 1140 3369 am·

132 3385 215 3465 plids
240 3387 370 3451 invisere
391 3394 490 3452 esthi
513 3402 613 3454 tamen
633 3392 770 3452 infirmus
786 3391 817 3450 in
831 3407 882 3449 sua
905 3388 1001 3448 adhuc
1024 3403 1139 3454 maneat

173 3471 407 3618 ῗίιιιίἓώιιιιιι
427 3475 652 3540 medicocorum
671 3474 769 3538 donud
780 3470 926 3555 suscipere
940 3473 1060 3554 lioebit;
1074 3475 1139 3569 aide

147 3597 156 3615 .
203 3574 260 3617 .n.
321 3579 347 3619 ι.

952 3731 1011 3791 lb..
