2642 4167
225 233 282 292 tbss
415 251 419 258 ’
524 232 662 292 Exorans
676 227 923 294 ordinandorum.

224 331 374 393 Sententia
386 336 485 392 antem
499 330 581 409 qubd
600 330 726 393 sufficiat
741 333 888 412 applicare
898 331 1053 399 materiam
1063 337 1228 405 immediati

224 425 292 477 nnte
305 418 351 477 rol
365 427 431 496 post
440 416 637 496 prolationem
656 417 779 490 formae,
798 426 842 478 est
853 416 967 482 tantiam
979 422 1156 499 probabilis,
1170 446 1227 489 non

224 509 324 561 autem
346 503 499 562 moraliter
521 510 601 560 certa
612 545 622 576 ,
638 509 673 560 nt
684 503 865 579 requiritur,
884 503 936 564 ubi
955 505 1053 582 agitur
1076 508 1113 568 dc
1133 513 1231 571 valoro

224 587 418 658 sacramenti,
434 604 470 647 ex
492 586 696 665 propositione
710 589 738 646 l.
751 587 851 648 damn.
865 588 903 647 ab
917 590 1020 650 Innoc.
1030 593 1083 653 XI
1084 636 1092 651 .
1106 594 1231 674 ideoque
1302 613 1303 618 ’

224 685 285 729 non
309 679 352 732 cst
374 670 501 749 practici
518 671 689 750 probabilis.
712 673 907 751 Excipiuntur
928 685 1026 735 tamen
1051 669 1246 742 sacramenta

224 754 424 830 poenitentis,
440 766 469 818 et
483 756 685 829 matrimonii,
700 772 765 833 quae
779 758 878 820 valent
891 759 1004 819 etiamsi
1024 759 1229 842 interponatur
1302 759 1303 822 3

222 836 319 916 aliqua
338 859 422 901 mora
436 843 514 901 inter
527 841 682 900 materiam
697 849 727 900 et
742 839 867 901 sormam
878 837 910 919 [i.
927 844 945 903 6
971 862 1004 905 n.
1018 844 1074 924 9.).

261 923 291 982 7.
304 927 380 985 -Si
400 936 533 986 mutetur
546 925 776 985 substantialiter
792 927 933 998 materia,
951 946 1059 1007 nempe
1068 932 1230 1010 applicetur
1302 939 1303 982 ἶ

221 1008 325 1068 alnum
348 1027 403 1087 pro
417 1029 511 1089 aqua,
531 1010 580 1071 vel
595 1017 727 1069 mutetur
749 1009 863 1083 forma,
884 1007 992 1091 nempe
1011 1015 1036 1074 si
1061 1016 1150 1077 verba
1163 1038 1226 1084 non

221 1089 349 1153 ltabennt
370 1095 508 1155 cumdem
525 1111 665 1165 sonsum,
684 1092 755 1172 puta
768 1095 910 1169 dicendo,
929 1100 967 1158 Te
977 1116 1119 1180 osperpo‚
1131 1121 1185 1181 pro
1199 1113 1228 1164 te

220 1175 357 1258 baptizo,
379 1180 542 1240 invalidum
566 1186 611 1238 est
635 1188 861 1241 sacramentum.
885 1178 974 1242 Sacris
998 1184 1024 1242 si
1044 1188 1167 1248 mutatio
1184 1197 1230 1249 est

219 1262 427 1337 accidentalis,
449 1265 558 1325 scilicet
575 1262 599 1321 si
613 1281 688 1341 aqua
706 1263 744 1322 sit
764 1263 856 1324 calida
866 1310 876 1340 ,
896 1275 947 1326 ant
959 1266 1100 1342 decocta,
1120 1280 1172 1331 aut
1196 1272 1221 1332 si

219 1348 314 1421 dicas,
328 1350 392 1428 Epo
416 1356 442 1411 te
466 1348 586 1428 baptizo
609 1346 644 1406 in
663 1348 780 1407 nornine
795 1348 1100 1430 Patrios,ctFilius,
1115 1362 1167 1416 etc.
1192 1365 1230 1416 ut
1302 1351 1303 1418 ᾗ

219 1432 344 1494 babetur
360 1454 396 1495 ex
411 1453 437 1497 c.
459 1433 650 1504 Retuleruut,
671 1430 705 1492 de
726 1449 850 1493 conmer.
866 1432 935 1495 ἀίει.
952 1437 981 1495 l.
1001 1438 1048 1496 vel
1061 1435 1095 1497 in
1107 1439 1229 1501 nomine

218 1518 323 1580 Patria
337 1519 564 1601 omnipotentia,
576 1526 628 1579 etc.
648 1517 697 1576 Sic
712 1522 812 1576 tamen
830 1526 948 1580 mutans
962 1538 1023 1581 non
1038 1534 1229 1600 excusaretur
1302 1545 1303 1606 4

218 1601 688 1683 inpeccatogravilt.c.u.ll.).
1184 1658 1192 1676 ⁸
1302 1649 1303 1680 3

256 1689 287 1748 8.
300 1691 382 1752 -ln
392 1707 458 1749 casn
472 1687 664 1761 necessitatis,
674 1687 720 1746 vel
732 1703 845 1763 magnas
856 1687 1001 1763 utilitatis,
1014 1689 1089 1750 beni
1102 1702 1230 1768 possunt
1302 1697 1303 1746 t

218 1775 344 1835 conferri
357 1774 589 1834 subcanditione
599 1772 713 1851 (saltem
723 1773 954 1850 nentaretanut)
963 1773 1017 1852 (l).
1030 1787 1228 1851 sacramenta,
1302 1815 1303 1834 .

217 1877 276 1919 non
288 1856 384 1919 solinn
398 1857 595 1918 characterom
612 1856 832 1934 imprimentia,
849 1866 883 1916 ut
894 1866 937 1916 est
955 1867 1069 1919 certum
1090 1879 1127 1920 ex
1145 1879 1172 1921 c.
1196 1865 1227 1923 2.
1302 1837 1303 1926 l

214 1942 250 2005 cle
261 1943 423 2023 Baptista„
439 1942 596 2003 sedetiam
612 1941 668 2000 alia
681 1985 689 2012 ,
700 1942 726 1999 si
739 1958 798 2001 non
818 1942 908 2018 possit
919 1940 1021 2003 haberi
1036 1946 1227 2008 materianisi
1302 1935 1303 2004 l

214 2028 323 2104 dnbia3
342 2029 381 2086 ita
397 2028 487 2087 Scor.
504 2028 638 2106 Castrop.
651 2024 783 2096 Hubert,
795 2027 910 2086 Bonae.
923 2028 1053 2108 lioncop.
1070 2026 1224 2094 Solmaut.
1302 2059 1303 2094 3

214 2122 244 2174 ct
259 2114 308 2172 aiii
326 2113 541 2185 communiter,
557 2120 659 2172 contra
680 2108 817 2187 luecio,
836 2120 864 2171 et
876 2111 1003 2176 Anteius
1024 2111 1092 2193 (lc.
1117 2135 1150 2176 n.
1168 2120 1220 2180 28.

213 2206 242 2259 ct
256 2196 390 2275 29.l.·lln
402 2205 501 2257 autem
525 2197 659 2256 minister
670 2197 760 2276 possit
781 2196 826 2256 nti
840 2198 963 2257 materia
975 2241 985 2269 ,
999 2208 1050 2258 ant
1061 2200 1157 2260 format
1171 2203 1224 2261 du·
1302 2223 1303 2270 t

213 2284 278 2354 bil,
293 2282 317 2342 si
333 2281 370 2341 ad
386 2280 417 2341 id
437 2292 557 2360 cogatur
570 2290 651 2341 metu
674 2280 779 2340 mortis
792 2285 807 2338 ἰ
819 2282 1013 2358 probabiliter
1030 2293 1145 2361 potest:
1164 2287 1223 2347 nisi
1302 2279 1303 2326 t

211 2378 333 2448 cogatur
346 2369 377 2427 in
390 2374 593 2444 contemptum
612 2366 785 2444 religionis,
806 2365 847 2425 ita
859 2365 969 2427 Soncb.
986 2366 1125 2428 Conincb.
1138 2369 1172 2428 Si
1190 2371 1223 2429 in
1302 2329 1303 2382 ¹

211 2454 333 2515 malcria
352 2452 472 2531 propria
491 2451 647 2514 misceatur
666 2459 804 2511 extranea
830 2450 862 2508 in
879 2451 1012 2528 maiori,
1037 2452 1084 2511 vel
1110 2455 1221 2531 aequali
1302 2417 1303 2512 l

212 2548 314 2621 parte,
327 2537 449 2600 materia
465 2545 509 2603 cst
522 2538 641 2616 inepta3
657 2530 739 2596 secius
751 2536 775 2595 si
786 2538 830 2594 in
849 2536 979 2613 minori,
997 2537 1037 2597 ita
1050 2538 1081 2597 S.
1099 2535 1155 2597 Tb.
1177 2538 1220 2616 (5.

208 2632 290 2707 port.
301 2640 332 2702 q.
345 2621 395 2683 74.
408 2639 439 2682 tt.
459 2623 487 2682 5.
505 2620 546 2682 od
566 2622 617 2701 5.).
636 2622 819 2699 interruptio
841 2620 945 2681 sormae
973 2622 998 2682 si
1020 2628 1063 2681 cst
1080 2621 1218 2699 modica,

209 2728 270 2769 non
284 2708 374 2768 officit
385 2706 479 2767 valori
495 2706 679 2768 sacramenti.
695 2704 784 2768 Serius
799 2706 824 2765 si
844 2697 909 2767 talis
928 2707 983 2779 sit,
1003 2716 1036 2766 ut
1048 2706 1138 2766 verba
1156 2726 1220 2769 non

208 2797 387 2858 constituant
400 2812 493 2853 unum
506 2811 624 2852 sensum
638 2790 672 2870 [l.
686 2796 715 2853 6.
730 2813 762 2853 n.
778 2797 824 2855 lt.
840 2792 881 2854 od
894 2793 947 2872 5.).
959 2796 1025 2855 Non
1035 2795 1103 2855 licet
1115 2801 1218 2858 autern
1302 2787 1303 2852 l

208 2884 335 2945 sormam
348 2889 498 2959 repetere,
518 2879 576 2938 nisi
596 2879 672 2939 adsit
684 2880 837 2957 probabile
850 2880 996 2952 dubium,
1017 2878 1096 2958 quod
1118 2880 1216 2942 forma
1253 2947 1256 2948 ⁷

207 2965 335 3027 invalidb
353 2965 443 3025 inerit
469 2964 581 3040 prolata
610 2960 644 3041 (l.
666 2981 692 3023 c.
711 2982 746 3023 n.
763 2967 832 3026 Μ.
856 2962 1136 3041 conuertentem).
1153 2966 1215 3028 Alii
1302 2973 1303 3040 ξ

206 3053 309 3112 dicunt
327 3051 438 3128 aliquas
463 3057 714 3108 sacramentorum
746 3050 881 3110 materias
912 3058 942 3108 et
959 3049 1167 3109 formassuisse
1194 3048 1215 3112 ὸ
1302 3063 1303 3140 l

206 3138 321 3200 Christo
339 3135 369 3194 in
384 3151 491 3212 genere
504 3134 730 3205 determinatas,
752 3143 782 3194 ct
800 3134 915 3193 relictas
927 3133 1080 3205 Ecclesiae,
1102 3142 1134 3193 ut
1145 3133 1214 3211 ipsa
1302 3173 1303 3214 4

205 3227 237 3284 iu
252 3223 417 3301 particulari
428 3221 648 3281 determinaret.
660 3219 716 3279 Sed
732 3218 915 3299 probabilibs
926 3220 977 3279 alii
988 3219 1094 3291 docent
1106 3237 1212 3280 omnes
1302 3223 1303 3258 ³

203 3309 291 3367 fuisse
311 3306 328 3365 b
352 3305 467 3366 Christo
484 3304 691 3364 determinatas
707 3305 738 3363 in
757 3305 930 3365 substantia.
957 3304 1042 3366 Unda
1061 3304 1085 3363 si
1108 3303 1211 3378 aliqua

204 3390 354 3451 invonitur
375 3391 454 3453 inter
481 3408 588 3453 novam
606 3397 637 3450 et
658 3388 794 3470 priscam·
809 3390 943 3453 Ecclesiae
964 3383 1209 3451 consuetudinem
1302 3381 1303 3396 ¹

230 3575 263 3629 (¹)
272 3576 356 3624 Cocta
367 3580 383 3626 l.
392 3580 416 3628 6.
427 3596 449 3626 n.
460 3582 497 3629 29.

1027 3648 1089 3694 Edit.
