2642 4167
181 221 239 282 500
377 221 514 302 b'pitoorc
527 219 668 282 doctrino·
681 217 804 282 moralis
815 228 841 293 ct
853 220 999 281 canonae:

597 440 802 501 ctabsbtttt.

218 630 356 692 clausura
385 630 520 689 virorum
542 626 639 704 quoad
661 643 766 685 eorum
795 627 972 687 monasteria
993 629 1132 689 asseritur
1154 602 1187 691 in

180 714 263 773 Bulla
288 709 442 795 deputaris
460 706 648 791 discipliuae,
677 727 714 769 ex
741 709 800 787 qud
824 719 972 770 eruuntur
996 714 1151 791 sequentia
1176 736 1184 772 ε

217 804 369 883 Tanquam
384 803 491 863 abrasus
515 803 681 861 declaratur
700 803 847 878 ingressus
871 802 1035 879 promiscue
1053 805 1185 866 virorum

179 909 247 951 eam
265 889 391 949 soeminis
412 888 489 946 intra
514 896 617 963 septa,
645 887 694 944 vel
714 886 839 944 claustra
854 888 1023 947 monasterii
1045 889 1099 948 sub
1113 910 1187 967 pra·

180 985 259 1036 textu
279 971 438 1034 comitandi
461 971 607 1030 solemnes
636 969 889 1048 supplicationes,
917 990 983 1049 qum
1005 972 1083 1032 liunt
1110 976 1185 1033 intra

179 1060 280 1118 codem
297 1065 377 1133 septa
393 1075 460 1115 oum
474 1056 524 1115 SS.
540 1052 729 1115 Eucharistiae
740 1064 937 1129 sacramento,
952 1057 1015 1117 sire
1031 1074 1100 1117 cum
1114 1059 1185 1118 San·

179 1140 455 1218 etorumreliqulis‚
479 1149 535 1199 etc.

216 1234 437 1295 confirmantur
459 1231 704 1306 constitutiones,
726 1239 756 1290 et
776 1230 939 1289 sanctiones
962 1250 1066 1294 omnes
1079 1235 1186 1295 Roma-

179 1337 284 1379 norum
308 1318 484 1377 Pontiticum
511 1334 600 1394 saper
619 1317 743 1374 elaustro
772 1315 1028 1377 monasteriorum,
1053 1320 1187 1398 Denique

171 1412 354 1465 *revocantur
374 1418 566 1479 quecumque
580 1400 729 1458 facultates
743 1398 928 1476 dispensandi
942 1402 1039 1478 quoad
1052 1403 1185 1465 eamdem

178 1488 341 1548 clausuram
353 1487 369 1545 b
383 1503 569 1563 quocumque
591 1492 621 1544 et
644 1484 880 1562 quibuscamque
897 1500 1051 1546 concessae.

216 1581 310 1642 Suum
326 1590 422 1639 tamen
439 1577 489 1656 jus
511 1578 650 1637 asseritur
666 1577 702 1636 iis
719 1575 975 1645 concessionibus,
998 1596 1065 1656 quoe
1085 1578 1122 1639 ad
1144 1580 1187 1640 ia·

179 1683 281 1726 ccccm
300 1671 370 1725 sunt
387 1679 641 1742 quantamcumque
658 1661 802 1721 nobilium
818 1659 1030 1732 teminorum,
1052 1661 1089 1723 cb
1106 1662 1186 1741 quiid

179 1752 282 1809 curtim
297 1748 422 1824 majores
435 1748 621 1814 fundatores,
641 1764 691 1804 scu
706 1747 833 1823 insignes
848 1744 1043 1805 benefactores
1053 1745 1187 1823 ejusdem

178 1834 347 1892 monasterii
368 1833 541 1904 extiterint,
555 1830 634 1890 etde
656 1828 710 1890 hdc
727 1829 910 1889 concessione
932 1831 1187 1893 confirmationem
1240 1890 1245 1897 .

177 1913 215 1974 ab
246 1916 410 1992 Apostolicd
434 1916 508 1974 Sede
533 1914 730 1973 obtinuerint.
760 1913 842 1972 Sicut
873 1913 962 1973 ctiam
987 1917 1127 1975 asseritur
1149 1917 1187 1976 iis

177 1999 307 2058 ioemluis
321 2018 419 2078 „quae
443 2007 513 2057 sunt
533 1999 779 2075 cansanguineae,
803 2005 831 2056 et
854 1997 954 2057 affines
982 2017 1108 2076 corum,
1134 2001 1186 2078 qui

176 2081 344 2142 dominium
360 2083 495 2143 obtinent
512 2084 543 2141 in
562 2082 774 2159 temporalibus
787 2081 858 2141 locis
870 2124 878 2152 ,
892 2081 942 2141 abi
962 2083 1053 2145 situm
1064 2094 1109 2144 est
1121 2102 1185 2145 mo·

178 2166 360 2235 nasterium,
382 2164 544 2227 dummodb
571 2175 669 2225 tamen
692 2167 853 2245 apostatica
878 2168 1023 2227 concessio
1051 2169 1186 2245 expedita

178 2252 217 2312 sit
234 2251 264 2310 in
285 2250 379 2311 sormi
397 2251 522 2320 Brevis,
541 2251 587 2309 vel
610 2251 666 2310 sab
688 2250 826 2329 plumbo,
844 2250 881 2309 de
892 2252 950 2328 qud
967 2269 1000 2311 re
1017 2251 1186 2313 autbentieu

177 2337 349 2396 documenta
360 2332 618 2395 exbibitasintloci
632 2334 1072 2409 illiusOrdlnuriis3dummodb
1084 2346 1185 2396 wmen
1235 2366 1237 2369 ·

178 2420 214 2479 iis
224 2419 407 2479 facultatibus
417 2428 540 2480 utuntur
550 2437 610 2479 non
622 2419 658 2479 ad
669 2418 850 2495 evagandum
863 2436 916 2496 per
930 2421 1119 2491 monasteria,
1131 2420 1185 2481 sed

177 2503 241 2563 solt
256 2503 372 2579 pietatis
389 2504 508 2581 gratia,
532 2514 565 2567 ae
586 2504 624 2564 de
646 2520 751 2563 corum
772 2503 901 2563 adventu
917 2512 947 2562 et
968 2504 1100 2584 ingressu
1120 2522 1187 2566 cer·

177 2588 267 2648 tiores
280 2596 365 2647 antea
390 2587 462 2647 bant
478 2588 665 2665 superiores,
682 2596 739 2646 etc.

214 2682 318 2755 Quoad
328 2681 501 2741 monialium
516 2682 680 2742 clausuram
692 2680 845 2759 provisum
856 2690 900 2742 est
910 2682 940 2742 in
951 2680 1034 2743 natta
1046 2679 1188 2745 satutare

176 2768 210 2825 iu
224 2762 395 2839 Cotboiico,
414 2766 471 2842 qud
491 2765 522 2823 in
537 2765 747 2825 constitutione
771 2764 834 2825 haec
857 2766 1059 2826 continentur.

215 2849 435 2909 confirmantur
456 2850 679 2908 constitutiones
700 2865 802 2910 omnes
826 2849 1061 2912 antecedentium
1084 2850 1190 2911 Ponti·

75 2930 79 2936 ’
176 2933 265 2994 sicum
282 2932 337 2992 sub
350 2931 442 3010 poenis
459 2932 491 2990 in
509 2933 567 2991 illis
581 2933 737 2992 contentis.

215 3018 400 3077 devocantur
414 3014 568 3074 facultates
589 3035 691 3076 omnes
716 3016 905 3096 dispensandi
925 3018 1020 3098 quoad
1038 3017 1119 3080 hunc
1138 3021 1190 3080 in·

176 3118 326 3177 gressum,
355 3099 529 3177 cuicumque
547 3109 577 3159 et
596 3119 649 3176 pro
664 3119 849 3180 quocumque
869 3121 1011 3163 concessae
1024 3146 1033 3174 ,
1048 3113 1079 3164 et
1091 3114 1190 3164 trans·

175 3182 633 3261 gressoressubjicianturiisdcm
644 3187 1017 3265 poeuis,quibussabjaoent
1026 3187 1190 3248 violatores

176 3269 316 3328 clausurae
337 3268 521 3328 monialium.
660 3312 667 3319 .
856 3344 859 3352 Ι

213 3352 307 3413 Suam
324 3363 421 3411 taraco
430 3351 479 3428 jas
497 3350 689 3425 conceditur,
704 3354 800 3432 quoad
817 3354 1049 3434 dispensationes
1057 3355 1190 3416 Ordina-

176 3434 229 3494 riis
249 3435 400 3505 locorum,
419 3444 450 3495 ct
462 3435 527 3496 aliis
550 3435 712 3516 respective
732 3440 934 3516 superioribus
946 3483 955 3509 ,
969 3440 1020 3518 qui
1039 3438 1090 3516 jus
1106 3440 1190 3500 obti-

175 3524 248 3574 nent
263 3517 450 3656 dpsperrsandi
470 3519 502 3581 in
523 3522 637 3583 casibus
657 3524 841 3599 necessariis,
866 3534 896 3583 et
920 3524 1042 3581 serratis
1061 3521 1099 3581 de
1114 3522 1190 3599 juro

174 3613 278 3653 servan
302 3615 335 3656 ts,
