2642 4167
392 144 438 218 Dc
454 146 607 220 umodotu
623 151 767 225 censurii,
783 156 837 212 etc.
1083 153 1126 217 to

110 256 223 320 librum
233 245 286 317 ubi
299 251 438 315 distincti
452 261 496 313 est
507 251 569 312 hee
579 252 701 313 motoria
714 253 841 314 discussa
852 252 931 332 (tite
941 256 1014 316 ibn.
1024 256 1119 337 ott).

109 340 167 404 sm
186 342 264 400 circa
282 338 397 417 proxim
416 337 550 396 advertat
571 336 762 396 confessarios
781 340 811 397 l.
824 336 855 397 iu
873 335 928 398 hae
939 339 1122 404 sollicitatio·

110 425 158 486 nis
181 422 306 485 materia
330 437 391 482 uon
413 437 476 481 esse
498 419 588 479 nimis
608 419 749 480 festinum
770 422 802 481 iu
824 420 1005 500 imponendo
1025 425 1120 503 poeni·

109 510 183 571 tenti
202 525 278 568 onus
298 504 531 567 denuntiationis
545 548 553 573 ,
567 521 636 564 nam
652 504 685 564 in
704 503 819 576 dubio,
838 524 877 566 an
899 507 949 567 illa
967 508 1057 569 suerit
1069 509 1118 571 uel

109 611 147 654 ne
164 591 356 659 sollicitatio,
376 590 435 649 tsle
449 599 524 650 uuus
543 586 659 666 injungi
680 606 740 649 non
759 589 847 650 debet
864 590 912 668 (Β.
926 593 957 653 6.
970 610 1003 653 n.
1014 591 1118 671 702),

109 678 167 738 uisi
186 675 256 736 ciam
274 673 382 748 verbu,
396 681 447 733 aut
465 683 546 732 actos
561 690 598 731 cx
612 690 644 732 se
656 672 892 735 sollicitationem
905 676 1117 753 importarent,

107 770 138 822 et
156 758 276 820 tantuim
297 747 423 816 dubium
440 763 569 816 verteret
581 754 619 816 de
633 756 796 816 intentione
814 757 1015 835 sollicitantis3
1029 768 1081 820 aut
1092 761 1119 821 si

107 844 243 905 adessent
263 840 449 902 vehementia
472 840 601 911 indicia,
621 847 685 899 esto
709 858 770 900 non
791 840 958 910 evidentia,
978 843 1120 904 sollicita·

106 928 217 1003 tionis,
231 927 295 986 sine
317 923 434 985 iudiciis
456 925 487 984 in
510 924 702 1002 oppositum,
719 932 790 985 tnnc
808 925 889 985 enim
912 926 955 986 illi
975 926 1120 1005 quodant-

105 1010 196 1071 modd
215 1010 357 1070 moralem
379 1009 506 1068 tundant
524 1007 800 1087 certitudinemub.
816 1028 846 1071 u.
861 1009 1116 1090 decipiendum).

104 1089 248 1156 Advertat
265 1096 296 1156 2.
308 1112 346 1153 ne
362 1093 401 1152 sit
422 1092 516 1152 iacilis
528 1090 565 1150 ad
584 1091 803 1170 suscipiendum
817 1094 849 1153 in
866 1112 899 1154 se
911 1111 986 1154 onus
1000 1095 1117 1156 denun-

105 1178 257 1250 tiationis,
273 1178 331 1237 uisi
351 1176 383 1236 in
403 1176 503 1253 aliquo
521 1193 587 1236 casu
606 1193 697 1247 raro,
720 1175 752 1236 iu
774 1195 834 1256 quo
854 1176 983 1238 charitas
1005 1179 1037 1239 id
1058 1179 1116 1241 sibi

103 1272 306 1342 proponeret,
325 1260 364 1321 ob
386 1278 523 1337 magnam
541 1259 744 1320 difficultatem
764 1280 853 1340 qoam
872 1260 949 1323 torti
970 1264 1116 1340 paenitens

55 1335 60 1346 ’
103 1347 229 1409 baberet
248 1346 376 1407 adeundi
393 1344 570 1423 superiores.
583 1344 726 1405 Advertat
742 1346 772 1405 5.
789 1345 869 1425 quod
883 1347 945 1424 ipse
962 1366 1117 1426 uunquam

104 1433 244 1495 omittere
264 1430 352 1490 debet
374 1430 527 1505 imponere
549 1429 706 1506 poenitenti
730 1430 886 1490 sollicitato
912 1430 987 1492 lianc
1009 1433 1118 1511 obliga·

103 1518 217 1589 tionem
231 1513 477 1590 denuntiationis,
489 1515 624 1591 quamvis
642 1514 818 1592 presideret
827 1516 1019 1593 poenitentem
1034 1516 1117 1576 illam

103 1620 166 1661 non
190 1600 407 1677 impleturum3
429 1615 497 1656 nam
518 1596 630 1657 directi
653 1599 827 1658 confessario
847 1598 1015 1671 injunctum
1037 1595 1116 1659 esti

103 1684 250 1744 Pontifice
260 1690 393 1750 ouus‚ut
405 1680 493 1742 talem
505 1680 717 1758 obligationem
730 1681 849 1740 intimet
858 1678 933 1758 (tit.
942 1681 972 1740 6.
982 1679 1115 1757 millii.

104 1768 193 1827 Unde
212 1766 308 1827 donee
321 1768 468 1845 poenitens
489 1783 554 1824 eum
574 1782 634 1823 nou
653 1764 832 1842 adimpleat,
852 1762 970 1844 expedit
986 1775 1021 1825 ut
1030 1765 1118 1826 abso·

102 1849 252 1911 lutionem
273 1849 302 1909 ei
325 1848 453 1908 dillerat.
466 1850 563 1925 Atque
585 1848 610 1907 si
633 1847 825 1907 confessarius
846 1847 982 1918 dubitat,
1003 1867 1041 1909 un
1065 1850 1116 1911 ille

101 1935 267 1994 difficulter
287 1952 351 1992 eam
370 1932 584 2008 adimpleturus
601 1932 659 2002 sit,
677 1942 747 1992 tuuc
764 1931 887 1994 omuind
900 1933 1113 1997 absolutionem

101 2019 149 2079 illi
162 2018 286 2078 dilieure
299 2015 485 2077 desecuerit
499 2025 596 2076 tamen
617 2025 713 2095 potest
725 2036 793 2076 eum
807 2017 974 2091 absolvere,
985 2021 1009 2079 si
1024 2022 1115 2099 poeni·

101 2112 238 2178 tensest
258 2121 313 2181 pro
333 2111 405 2190 tuuc
424 2101 605 2178 impeditus,
625 2110 655 2160 et
676 2100 798 2161 firmum
817 2100 906 2162 habet
928 2108 1113 2183 propositum

101 2186 320 2261 denuntiandi,
333 2185 433 2245 statim
450 2202 483 2242 ac
498 2181 652 2244 commode
669 2193 763 2263 potest
776 2183 844 2263 (bc.
854 2206 886 2247 u.
900 2186 993 2267 ⁶⁹³·i·
1010 2189 1114 2268 liuius·

101 2270 189 2334 modi
209 2270 446 2331 denuntiationes
462 2266 528 2327 lieri
546 2267 654 2328 debent
668 2270 770 2329 saltem
788 2271 865 2330 iutra
878 2289 1008 2331 mensem
1022 2271 1112 2351 (ibid.
1151 2303 1153 2306 v

101 2371 136 2414 n.
152 2356 217 2414 Hoc
239 2352 370 2431 romeam
393 2353 463 2412 item
484 2351 666 2423 notandum,
688 2352 768 2431 quod
788 2351 805 2413 ia
826 2356 864 2415 N.
885 2356 937 2414 SS.
959 2356 998 2416 P.
1017 2358 1113 2417 Betae·

101 2435 184 2500 dieto
193 2438 283 2497 XIV.
295 2435 369 2516 (tib.
380 2438 409 2495 6.
418 2453 450 2495 u.
461 2433 543 2511 tot.)
555 2437 662 2515 cuique
673 2438 845 2516 impositum
860 2447 904 2498 est
916 2458 991 2500 onus
1002 2439 1114 2502 denun-

100 2521 201 2582 tiandi
221 2521 450 2590 confessarium,
474 2537 564 2596 quem
586 2522 675 2581 sciret
697 2521 838 2598 obligasse
860 2524 1052 2599 paenitentem
1075 2524 1113 2585 ad

99 2604 355 2665 manifestandum
373 2603 560 2681 complicem,
573 2605 631 2663 nisi
650 2622 687 2664 ex
705 2622 786 2663 mera
802 2605 986 2681 simplicitate
997 2616 1049 2665 aut
1062 2606 1115 2666 im·

98 2687 264 2767 prudentia
285 2689 449 2766 i‘degisset,
466 2687 577 2750 Ultimo
597 2688 760 2746 notandum
774 2687 849 2744 cirea
867 2686 1013 2765 sortilegia
1032 2690 1114 2749 laico·

98 2789 197 2841 rum,
211 2771 390 2850 quidhodii
409 2772 555 2833 innostro
572 2789 664 2849 reguo
679 2770 833 2846 Neapolis,
851 2778 972 2848 propter
988 2774 1114 2835 insinua·

99 2855 219 2915 tionem
233 2857 325 2916 nostri
337 2857 415 2933 regis
427 2854 527 2916 Garuli
536 2857 598 2915 111.
610 2872 671 2914 non
684 2854 765 2913 udest
780 2853 918 2932 obligatio
937 2855 987 2916 illa
1004 2858 1114 2918 denun-

99 2938 218 3007 tiandi,
237 2938 378 2999 nisi'ciam
398 2939 558 2999 intervenit
576 2938 684 2998 abusus
704 2938 754 2998 SS.
768 2936 974 3014 Eucherium,
988 2942 1114 3002 autOIci

100 3022 200 3081 seneli
215 3021 291 3100 (tit.
307 3024 336 3082 6.
352 3040 384 3081 u.
401 3025 469 3083 253.
485 3021 518 3083 iu
533 3022 603 3100 fin.)
654 3065 659 3069 -

145 3101 197 3164 Sl.
213 3105 267 3163 lll.
281 3103 408 3168 Densum
432 3106 512 3183 quod
530 3107 658 3184 pertinet
677 3105 713 3164 ad
732 3107 941 3185 impedimenta
960 3110 1113 3172 matrimo-

99 3186 171 3256 nii,
190 3185 256 3246 edm
278 3191 425 3267 pmuitens
436 3188 557 3266 aliquod
576 3190 824 3268 impedimentum
841 3190 946 3267 habet,
964 3203 994 3252 et
1011 3196 1112 3256 mutri-

89 3268 244 3331 monium
265 3269 400 3332 nondum
423 3282 467 3352 est
488 3273 614 3347 initum,
635 3273 721 3350 plura
733 3273 914 3353 distinguere
926 3285 1062 3352 oportet:
1080 3279 1113 3340 Si

98 3353 365 3433 impedimentum(
377 3365 421 3417 est
448 3357 733 3435 consanguinitatis,
754 3364 806 3415 aut
823 3359 1004 3436 cognationis
1025 3364 1114 3442 spiri⁴

98 3438 214 3509 ruatis,
232 3449 284 3499 aut
296 3440 447 3501 affinitatis
462 3459 499 3502 ex
517 3442 621 3521 copula
641 3442 721 3504 licita
737 3458 829 3518 usque
846 3441 883 3501 ad
895 3451 1034 3521 quartum
1044 3466 1110 3526 gra.

99 3521 203 3666 dupio,
225 3524 423 3671 upprpublieoe
445 3523 622 3604 honestatis,
639 3526 694 3589 etsi
714 3533 789 3588 esset
811 3527 960 3676 occultun71
971 3571 981 3603 ,
1001 3533 1113 3595 contos·

203 3621 233 3665 n.
297 3648 307 3671 .
1138 3633 1139 3636 ,
