2642 4167
169 149 228 213 att
363 146 500 230 Epitome
514 143 653 209 doctrine
673 143 795 211 mercha
807 143 995 209 etcononicoe

205 252 363 332 Regulares
382 269 418 311 ex
440 250 567 312 instituti
596 254 642 310 sul
664 250 781 321 ratione
801 247 991 328 hospitalium
1013 265 1115 313 euram
1147 259 1182 327 ct
1294 303 1300 317 ,

163 343 448 405 administrationem
471 340 657 412 obtinentes,
678 340 825 401 medicam
847 349 943 401 artem
969 339 1178 402 exercerenon

164 436 285 508 possum
305 434 385 489 extra
410 426 460 489 illa
476 423 641 501 hospitalia
663 423 741 484 ibid

202 516 238 574 ln
264 511 408 590 predictis
430 509 553 571 indultis
576 509 766 588 apostolicis,
795 507 970 581 monacbis,
994 508 1042 569 vel
1063 506 1177 569 olorinis

165 598 306 658 concessis
336 613 452 673 semper
472 593 633 672 apponitur
655 590 719 653 hme
744 591 883 659 limitatio
905 591 1047 672 ubsque
1033 591 1177 699 amiciciae

164 678 372 741 etcdustioue.
387 680 432 740 ΙΙ)
450 697 481 739 n
503 679 533 738 8.

203 764 516 826 Clerieissracularibus
528 762 615 822 sacris
631 761 787 822 ordinibus
802 760 951 838 insignitis
962 762 987 821 si
1004 778 1175 822 concessum

164 847 254 908 suerit
266 849 434 917 indultum,
447 856 480 907 ut
493 846 667 923 provideant
676 845 794 905 lamiliae
805 845 952 922 indigenti
963 888 972 916 ,
983 844 1058 904 illud
1068 844 1173 915 durat,

166 931 355 1011 quoadusque
385 938 484 991 orator
509 939 603 989 certos
638 929 845 990 ecclesiasticos
878 926 1014 1003 reditus,
1038 927 1088 988 rel
1107 929 1175 988 resi·

166 1013 294 1075 dentiale
313 1014 489 1075 beneficium
503 1013 677 1075 obtinuerit.

204 1099 326 1175 lnsuper
336 1096 659 1166 alierturlimitatio,ne
669 1097 741 1174 quid
751 1096 1066 1174 exposcatabaegretis,
1077 1117 1174 1176 neque

165 1181 245 1242 enim
264 1181 456 1241 ecclesiastico
475 1180 605 1240 soeeulari
623 1181 737 1240 medico
755 1189 892 1248 vetatur,
907 1189 941 1240 ut
953 1179 1057 1257 sponte
1078 1183 1175 1243 oblata

166 1264 305 1342 recipiat,
326 1275 524 1342 praeterquam
540 1263 557 1324 b
578 1265 656 1324 veris
670 1265 786 1342 egenis,
806 1263 946 1342 dquibus
965 1263 1040 1331 nihil
1055 1265 1175 1343 pcnitris

164 1358 259 1427 potest
285 1350 424 1427 accipere.
448 1348 523 1408 lbid.
548 1349 742 1426 Regularibus
763 1346 835 1407 verb
863 1347 1029 1407 indultariis
1056 1369 1175 1429 semper

166 1433 255 1495 datur
282 1451 350 1494 cum
377 1432 574 1505 mediestini,
594 1441 628 1495 ut
649 1431 726 1494 nibil
754 1429 877 1511 penitius
898 1433 935 1492 ab
957 1434 1076 1512 aegrotis
1099 1439 1174 1498 rcci-

165 1517 345 1597 piantlbid.

204 1604 296 1664 Porro
329 1602 443 1665 indulta
466 1603 517 1663 illa
536 1603 734 1664 ecclesiasticis
758 1603 806 1663 vel
837 1603 1023 1679 regularibus
1051 1605 1174 1666 concedi

166 1704 226 1748 non
250 1688 368 1758 solent,
387 1687 443 1747 nisi
465 1686 548 1766 priirs
560 1687 660 1747 audito
678 1687 819 1765 Episcopo
839 1695 961 1746 testante
986 1686 1024 1747 de
1044 1689 1101 1747 viri
1121 1708 1175 1768 pe·

164 1770 234 1830 rittt
247 1772 278 1831 in
299 1771 333 1831 eh
352 1780 432 1840 arte,
453 1779 483 1831 et
499 1771 536 1830 de
555 1771 717 1849 indigentie
737 1771 841 1831 medici
862 1772 893 1829 in
916 1771 949 1830 ed
971 1771 1109 1842 civitate,
1124 1776 1174 1834 rel

164 1854 285 1932 oppido.
309 1858 450 1915 Praeterea
474 1856 641 1933 exquiritur
654 1857 743 1916 etiam
762 1873 816 1933 pro
838 1855 1022 1932 regularibus
1038 1857 1173 1918 testimo·

165 1938 250 1997 nium
273 1939 433 2015 superioria
453 1939 597 2016 regularis
613 1940 689 1999 cirea
708 1957 805 1998 mures
827 1940 925 2009 illius,
948 1938 998 2017 qui
1021 1939 1174 2002 indultum

164 2021 249 2097 petit.
261 2020 373 2082 sisere
391 2039 451 2082 non
468 2022 667 2101 praemittatur
680 2024 883 2083 testimonium
902 2023 1055 2100 Episcopi,
1076 2022 1175 2084 adbuc

164 2110 262 2163 tamen
281 2105 423 2183 pontificii
447 2107 548 2165 Brevis
569 2107 703 2167 executio
717 2106 860 2183 Episcopo
878 2107 1100 2175 committetur,
1118 2112 1173 2184 qui

164 2188 363 2251 commissum·
384 2204 492 2249 munus
518 2190 695 2266 impleturus
724 2190 762 2251 de
786 2188 832 2251 his
853 2191 990 2251 omuibus
1012 2191 1172 2253 certiorem

164 2287 196 2330 sa
217 2270 340 2331 reddere
360 2279 487 2332 tenetur.
505 2273 579 2334 ibid.
595 2292 626 2334 n.
650 2276 679 2334 9.
999 2293 1002 2297 ’
1178 2318 1181 2323 »

202 2354 385 2432 chirurgiam
406 2355 477 2417 verb
499 2356 634 2418 exemere
646 2358 846 2420 ecelesiasticis
865 2357 1051 2419 sacularibus
1072 2368 1103 2421 ct
1122 2380 1173 2419 re·

164 2438 315 2518 gularibua
335 2438 422 2517 lougd
449 2439 597 2503 diffieilibs
620 2443 812 2516 coneeditur,
837 2451 868 2502 et
894 2451 966 2513 tune
983 2440 1079 2503 solirm
1102 2442 1173 2504 erim

166 2523 263 2584 omnis
283 2521 405 2585 omnino
433 2522 588 2602 chirurgus
619 2527 711 2587 laicus
733 2526 838 2604 deest3
855 2527 929 2604 quiu
955 2535 987 2587 et
1012 2535 1091 2589 tunc
1107 2529 1175 2590 sine
1220 2558 1228 2582 ι

166 2608 321 2669 adustione
331 2614 362 2667 et
370 2608 506 2671 sectione.
522 2609 597 2670 lbid.
609 2628 641 2671 n.
656 2613 705 2671 ΙΙ.
992 2632 994 2637 ·

416 2778 635 2839 nantelmo.
651 2780 727 2841 Vide
746 2781 899 2844 ΟΙΙΑΤΙΟ.

623 2943 743 3002 ΜΙὸὃΑ.

203 3105 296 3163 llissae
307 3099 481 3161 sacrificium
503 3109 547 3161 est
568 3096 756 3162 detrectabunt
769 3110 798 3162 et
810 3100 1057 3179 eucharisticum,
1072 3098 1104 3163 id
1126 3110 1176 3164 est

166 3187 278 3259 laudis,
306 3193 336 3245 et
366 3185 526 3262 gratiarum
555 3186 680 3247 actionis
710 3205 765 3264 pro
789 3186 938 3247 beneficiis
961 3187 1105 3264 acceptis,
1128 3194 1178 3248 est

165 3269 423 3348 propitiatorium,
437 3288 496 3347 quo
514 3272 671 3369 expiantur
687 3281 821 3348 peccata,
838 3289 897 3330 non
909 3287 945 3330 eo
955 3279 1054 3330 tamen
1064 3270 1176 3348 niodo,

165 3370 225 3430 quo
241 3352 401 3430 baptismus
412 3362 444 3413 et
455 3355 650 3432 paenitentia,
671 3363 787 3433 peecata
801 3355 983 3415 remittentes
1003 3371 1057 3433 per
1069 3356 1177 3432 gratia

164 3435 363 3510 inlrrsionem3
395 3436 446 3496 sed
476 3439 554 3497 Deus
595 3439 706 3498 intuitu
735 3437 824 3513 hujus
849 3439 984 3497 sacrificii
1019 3439 1175 3516 poeniten·

174 3515 223 3571 tiae
246 3516 357 3576 dorium
380 3519 524 3596 largitur,
550 3539 601 3582 scu
628 3523 814 3605 peculiarem
828 3522 953 3603 gratiam
967 3520 1079 3598 debat,
1109 3523 1178 3602 quo
