2642 4167
220 193 283 257 522
410 191 548 273 Epitoure
558 188 698 251 doctrine
711 184 833 248 arorolis
850 193 879 247 et
890 184 1038 273 coaoiaicas

218 291 392 372 culpabilis,
410 292 524 353 etiamsi
536 291 566 353 id
587 290 743 355 obtentum
756 289 794 349 sit
812 286 1058 358 menstruanus,
1075 285 1212 360 ialsiatea

221 378 385 446 tihus‚otc.
400 375 496 439 adhue
515 382 649 445 censetor
668 372 915 454 impedimentum
928 370 1075 445 occultum
1088 371 1125 431 ad
1142 368 1213 439 haar

217 459 368 525 'edoctum
383 460 457 521 thid.
469 478 501 519 ιι.
513 458 561 521 aa.
1001 500 1003 505 ·

259 546 413 623 Expressio
426 562 600 613 causarum,
617 538 779 620 earumque
800 540 964 600 verificatio
985 536 1023 601 ad
1042 537 1215 601 caliditatem

222 627 449 711 dispensationis
464 628 604 707 pertinet.
618 627 701 702 Bulla
721 625 768 689 Ad
779 621 943 705 apostolica
955 619 1113 701 seruitutis.

430 878 434 883 .
498 794 690 857 oocralua
706 793 944 855 cuutsrtaua.

261 967 295 1029 In
310 963 443 1029 Ecclesiis
462 961 613 1023 ruralibus
634 960 723 1040 longi
740 960 849 1024 dissitis
862 960 879 1021 h
892 959 1051 1039 parochiali
1065 961 1223 1031 decernunt,

223 1046 376 1129 Episcopi,
394 1057 428 1108 ut
442 1046 606 1109 sacerdotes
619 1045 661 1106 ihi
676 1046 765 1106 saeris
781 1055 935 1122 operantes
951 1046 1095 1123 populum
1116 1046 1219 1107 doetri-

221 1150 289 1192 nam
303 1131 492 1192 christianam
510 1132 645 1190 doceant.
661 1130 813 1208 Eaeyoiieo
823 1130 893 1203 Etsi
910 1129 1044 1191 minitat.
1055 1133 1161 1192 Caveat
1180 1142 1219 1191 ta·

219 1234 290 1283 mea
310 1214 455 1301 parochus
482 1233 520 1276 ne
541 1212 669 1277 nimidas
691 1215 802 1275 tribuat
822 1213 925 1277 alieaae
949 1232 1067 1292 operae,
1088 1215 1139 1275 sed
1158 1214 1219 1275 ciam

218 1302 306 1380 pueri
323 1300 360 1360 ad
373 1294 587 1361 sacramentum
607 1297 797 1373 Eucharistiae
814 1306 843 1357 et
862 1297 1102 1359 confirmationis
1118 1300 1220 1373 admit·

219 1385 301 1449 ,tendi
314 1394 404 1459 saint,
420 1384 487 1446 edm
500 1384 598 1463 sponsi
617 1382 755 1462 conjugio
763 1381 909 1462 jungendi
922 1401 1004 1462 ,per
1014 1400 1045 1445 se
1057 1384 1125 1447 illos
1134 1395 1222 1459 tentet

222 1467 294 1547 quid
311 1469 479 1530 didicerint.
496 1468 571 1529 lbid.
588 1486 620 1527 a.
635 1470 684 1531 11.

219 1550 223 1557 ’
259 1555 326 1614 Νοιι
341 1565 385 1614 est
401 1554 569 1615 tolerandos
582 1571 645 1614 mos
663 1553 694 1612 ia
710 1551 861 1611 nonnullis
876 1549 1049 1611 dioeoesihas
1063 1552 1219 1634 obtinens,

223 1646 256 1699 ot
269 1639 352 1716 puori
369 1641 457 1701 unius
473 1640 607 1717 paroeeiae
627 1638 658 1699 in
678 1638 734 1697 alid
747 1635 873 1714 paroeeid
889 1636 1049 1699 doceantur
1062 1637 1222 1709 doctrinam

220 1719 430 1794 christianam,
451 1722 701 1801 quemadmodum
715 1722 866 1798 rescripsit
885 1722 916 1779 S.
931 1722 963 1779 C.
983 1721 1072 1781 Corra
1089 1722 1127 1782 ad
1139 1725 1222 1785 Card.

220 1804 443 1881 dombertinnm
456 1809 505 1869 die
523 1812 541 1866 tt
554 1812 631 1885 Aug.
650 1808 736 1868 lidi.
749 1808 824 1865 last.
844 1805 920 1864 Eocl.
935 1806 965 1866 9.
985 1823 1017 1871 a.
1033 1807 1089 1881 1ος
1102 1807 1154 1891 sed
1167 1808 1225 1868 sin·

221 1888 282 1966 guli
302 1890 420 1966 parochi
438 1892 558 1953 erudire
578 1910 645 1975 suos
668 1890 797 1964 debent,
820 1890 867 1951 vol
887 1888 991 1949 saltem
1012 1907 1133 1963 curare,
1147 1900 1181 1951 ut
1194 1891 1226 1953 ia

219 1968 347 2050 paroeoid
361 1975 552 2043 erudiantur,
568 1993 627 2035 non
644 1983 743 2035 tamen
759 1968 995 2052 reprehendendi
1008 1982 1078 2033 sunt
1097 1975 1158 2049 illi,
1174 1977 1225 2053 qui

222 2056 253 2113 ia
265 2057 398 2117 Ecclesiis
417 2052 498 2129 suis,
512 2057 580 2120 licta
594 2078 652 2123 noa
671 2058 733 2121 siat
753 2056 889 2137 parochis
901 2055 1061 2133 subjectae,
1078 2057 1179 2123 fidelos
1191 2061 1229 2119 eh

222 2138 402 2213 confluentes
421 2142 547 2212 doceat,
575 2142 739 2209 dammodo
763 2141 920 2201 oxlriheaat
944 2140 1081 2221 parochis
1107 2138 1229 2217 uomina

222 2239 344 2297 corum,
364 2227 415 2305 qui
428 2245 475 2286 eas
488 2228 686 2306 frequentant.
696 2225 771 2285 lhid.
784 2245 816 2285 ιι.
829 2227 878 2286 15.

261 2308 490 2388 Ladimagistri,
514 2310 574 2371 tara
604 2311 741 2381 conducti
763 2308 780 2370 h
804 2311 1034 2380 communitate,
1056 2310 1146 2391 qnhm
1167 2330 1228 2380 noa

223 2392 380 2466 conducti,
401 2404 458 2454 tam
487 2396 605 2468 elerici,
624 2393 713 2473 qnam
731 2394 797 2455 laici
819 2393 958 2454 hortandi
982 2404 1051 2455 suat
1071 2393 1174 2474 paliis,
1196 2403 1233 2453 ut

222 2475 345 2536 doceant
368 2498 436 2539 suos
460 2479 650 2540 christianam
672 2480 860 2554 doctrinam,
880 2488 943 2539 tuna
966 2480 1055 2539 otiam
1080 2479 1228 2558 eogendi,

222 2576 257 2617 ox
271 2562 306 2618 D.
322 2564 350 2621 S.
362 2566 394 2623 C.
409 2566 441 2624 C.
453 2565 489 2624 ad
504 2565 640 2644 Arclricp.
654 2563 821 2641 Spalat.die
831 2561 867 2620 tt
880 2562 940 2620 tut.
950 2564 1036 2622 taut.
1047 2562 1123 2623 lhid.
1136 2582 1167 2622 a.
1179 2564 1227 2623 14.

261 2645 433 2707 Doctrinam
453 2647 641 2711 christianam
658 2666 717 2706 non
739 2664 842 2706 omnes
860 2646 934 2707 scire
948 2648 1100 2721 acqualiter
1113 2664 1230 2709 neeesse

158 2755 163 2767 ·
224 2739 289 2805 cst3
309 2731 393 2807 plura
411 2733 491 2792 caim
507 2735 580 2792 scitu
596 2743 665 2809 saint
678 2732 837 2805 necessaria
850 2731 1065 2805 ecelesiasticis,
1080 2730 1171 2811 qulam
1182 2732 1232 2790 lai·

225 2816 286 2889 (τῖες
306 2816 391 2892 plara
411 2810 539 2894 adultis,
558 2816 646 2896 quim
660 2819 760 2894 paonis
774 2826 801 2876 et
821 2817 925 2893 puellis
937 2838 947 2891 3
961 2817 1047 2895 plura
1063 2814 1231 2891 nolentibus

203 2899 359 2981 fingenio,
379 2898 467 2977 quam
487 2900 651 2961 hebetibus.
667 2904 740 2977 last,
753 2902 830 2981 licei.
841 2902 892 2962 72.
910 2919 942 2961 n.
957 2903 1004 2961 ta.

261 2981 291 3040 Si
306 2985 371 3059 quis
384 3002 443 3043 nou
457 2985 554 3049 credat
573 2984 709 3063 explicat
722 3003 775 3056 oa,
798 3003 865 3068 quac
886 2982 961 3057 scitu
982 2984 1142 3047 necessaria
1159 2993 1234 3063 sunt

224 3069 392 3141 necessitato
422 3068 533 3141 medii,
556 3066 849 3146 nrulthprabahilius
866 3079 927 3142 est,
953 3069 1039 3136 illuni
1058 3087 1113 3137 neo
1132 3067 1234 3143 validi·

223 3152 404 3225 absolutione
419 3154 545 3230 potitum
558 3154 656 3211 luisse.
670 3153 774 3227 illicita
785 3163 828 3229 ast
842 3153 962 3230 quoidam
975 3154 1054 3216 carth
1069 3155 1101 3214 ia
1115 3170 1150 3212 eo
1164 3170 1236 3227 nasu

223 3235 366 3295 absolutio
379 3279 386 3307 ,
405 3240 458 3295 nee
472 3244 566 3314 potest
587 3236 780 3296 confessarius
801 3234 867 3296 tuth
881 3236 925 3296 uti
938 3238 1070 3315 opposita
1084 3237 1154 3309 huia
1165 3253 1239 3305 suu<-

224 3319 332 3391 tentid,
348 3330 378 3379 ot
397 3321 611 3383 ahsolutionem
629 3320 688 3380 illis
701 3363 709 3391 ‚
721 3321 771 3399 qni
788 3318 850 3384 laaec
864 3316 999 3397 explicite
1014 3322 1238 3400 ignoraverint,

224 3404 390 3482 impertiri,
405 3416 482 3479 atcx
493 3404 695 3484 propositione
710 3402 847 3471 damnata
857 3405 893 3464 ah
907 3407 1148 3479 intiocaatioXI,
1161 3424 1242 3479 eom
1294 3480 1295 3483 Ἴ

223 3493 288 3542 stat.
304 3487 379 3544 thid.
395 3506 425 3546 ιι.
443 3491 490 3548 aa.
1294 3504 1295 3535 1

261 3568 290 3622 Si
307 3571 371 3642 qais
390 3570 460 3631 verd
479 3573 596 3650 ignoret
621 3591 672 3647 ea,
697 3591 763 3651 quae
789 3574 950 3635 necessaria
969 3583 1039 3655 snat
1064 3571 1249 3656 aaomsitato
