2642 4167
404 208 483 290 Sall.
500 210 587 272 Circo
597 209 702 274 prodici
717 211 856 294 officium.
1098 220 1138 281 13

123 316 255 395 jungunt
265 309 312 374 illl
323 309 400 400 ’1¹¹³
411 309 463 370 vix
480 309 571 371 semel
587 310 619 371 iu
636 328 715 372 auno
727 312 842 375 dudum
864 315 1013 378 confessus
1024 323 1087 391 ost,
1102 329 1137 381 nt

126 410 229 462 octavo
242 397 350 476 quovis
366 393 415 458 die
430 409 484 471 per
501 411 614 454 anuum
625 396 801 457 confiteatur
812 419 822 473 3
835 398 1003 475 quindecim
1012 402 1136 466 decades

126 483 241 545 Rosarii
256 478 391 559 quolibet
412 478 462 537 die
482 478 645 538 recitandas
660 480 728 553 illi,
751 482 803 560 qui
827 500 865 542 nc
888 483 991 545 solitus
1012 486 1135 563 quidem

125 569 184 629 fuit
196 566 333 644 quinque
344 564 378 624 in
399 561 581 624 bebdomada
603 563 727 624 recitare
740 585 750 640 3
765 565 955 643 disciplinas,
972 571 1135 633 orationem

124 649 287 712 mentalem
303 648 364 718 illi,
377 648 429 725 qui
439 664 494 707 uec
507 663 617 707 nomen
628 666 760 725 unquam
775 650 899 710 audivit.
916 654 953 711 Et
972 652 1046 729 quid
1064 652 1135 714 blno

123 735 266 795 eveniet?
279 734 402 793 Eveniet
414 730 494 809 qubd
507 729 576 792 ltctt
588 732 675 791 inviti
686 739 839 810 acceptent
851 734 933 811 quod
950 736 1134 813 imponitur,

124 818 385 881 utabsolutionem
399 825 605 894 aucupentur,
618 816 815 878 nihilomimls
827 829 926 897 postea
938 820 1014 881 nihil
1027 821 1133 883 borum

21 970 27 978 ‚
123 903 290 965 executioni
310 901 510 975 demandent3
528 908 558 959 ct
570 900 839 963 crcdcndoiterfrm
857 921 919 964 esse
934 905 966 964 in
983 912 1133 984 peccatum

16 1017 17 1032 2
124 987 277 1065 delapsos,
288 984 425 1063 quinimb
441 985 572 1064 putando
581 984 740 1063 (precipue
753 987 852 1064 rudes)
866 987 978 1049 nullius
990 991 1133 1051 momenti

123 1070 216 1130 finisse
233 1071 446 1132 confessionem
462 1070 587 1139 factam,
611 1069 681 1145 quia
706 1071 888 1147 penitentie
906 1073 1051 1150 impositae
1075 1091 1133 1133 non

124 1155 348 1224 satisfecerunt,
367 1152 522 1231 propteroa
535 1152 572 1212 ad
586 1153 745 1231 pristinum
756 1153 871 1230 perdite
881 1156 998 1216 vivendi
1013 1157 1134 1218 modum

124 1237 283 1299 redonat:
307 1246 338 1299 et
355 1238 505 1316 perterriti
525 1237 564 1296 ob
591 1237 773 1315 poenitentioe
796 1239 940 1315 impositu
964 1238 1134 1317 pondus‚ai

127 1322 308 1383 confessione
328 1321 473 1393 horrent,
490 1329 520 1380 et
539 1321 580 1380 ita
600 1329 728 1399 pergunt
748 1322 778 1381 in
792 1324 915 1398 peccatis
933 1325 1136 1383 tabescerebt

127 1403 230 1465 lricest
247 1409 359 1467 fluctus
378 1408 429 1484 qui
448 1407 479 1465 in
492 1405 652 1484 perniciem
674 1412 719 1464 tot
734 1405 911 1466 miserorum
929 1408 1080 1484 colligitur
1098 1424 1135 1466 ex

127 1488 299 1568 hujusmodi
322 1491 586 1561 satisfactionibus,
611 1506 685 1567 quas
705 1492 913 1553 convenientes
937 1499 1063 1565 vocant,
1085 1492 1134 1552 sed

126 1573 235 1634 monus
246 1576 378 1635 dicendae
390 1575 487 1635 forent
499 1573 828 1634 inconvenientissimo.

166 1659 217 1717 to.
241 1657 388 1719 Caeterum
409 1668 491 1718 extra
518 1673 601 1717 casus
628 1656 831 1729 infirmitatis,
851 1668 883 1720 et
901 1658 1137 1736 compunctionis

127 1744 390 1814 extraordinariae,
409 1759 470 1801 non
494 1741 570 1802 bene
592 1749 691 1820 ageret
716 1741 908 1801 confessarius
929 1744 953 1801 si
972 1758 1028 1819 pro
1043 1740 1137 1819 culpis

127 1826 268 1903 gravibus
280 1827 454 1907 adiungeret
464 1826 562 1886 levem
572 1825 816 1894 satisfactionem,
831 1843 898 1902 que
910 1824 1029 1886 inducat
1041 1826 1136 1885 levem

128 1908 337 1990 obligationem
347 1932 357 1986 ·‚
366 1911 495 1984 etenim,
509 1907 578 1969 licor
589 1906 669 1986 (crim
680 1908 809 1986 expedit)
817 1912 907 1987 possit
917 1909 1037 1991 adjungi
1050 1926 1134 1987 opus,

129 1993 210 2068 quod
232 1991 332 2055 habita
352 1994 467 2054 ratione
491 2001 678 2071 peccatorum
701 1995 740 2052 sit
759 1993 823 2056 leve
835 2035 853 2066 ‚¹
865 2004 995 2056 attamen
1019 2011 1136 2071 semper

128 2076 219 2135 (lebet
231 2078 345 2155 imponi
359 2077 515 2137 satisfactio
528 2077 626 2155 gravis
645 2094 713 2152 quoe
728 2076 840 2154 obligat
851 2078 906 2137 sub
920 2078 1012 2156 gravi.
1027 2080 1064 2137 Et
1086 2073 1136 2136 hic

128 2169 249 2237 oportet
259 2170 402 2221 annotare
413 2161 510 2239 aliqua
526 2160 705 2240 pertinentia
720 2159 759 2224 ad
772 2162 886 2238 praxim
899 2164 976 2222 circa
990 2161 1137 2239 poeniten·

130 2246 185 2303 tias
201 2245 406 2321 imponendas.
424 2247 594 2306 Notandum
618 2247 642 2303 l.
662 2242 736 2303 Cum
755 2247 900 2321 poeniteus
920 2246 1028 2307 oblitus
1044 2245 1135 2305 fuerit

128 2330 310 2405 paenitentiae
321 2373 330 2402 ‚
342 2331 507 2390 communis
517 2338 562 2390 est
577 2329 722 2389 sententia
736 2327 812 2405 (Lib.
824 2332 854 2389 u.
870 2348 904 2389 a.
917 2329 998 2407 tro.)
1009 2328 1136 2389 adnibi-

128 2412 193 2473 lnm
209 2411 337 2492 ampliris
352 2431 422 2475 enm
448 2414 565 2484 teneri,
580 2413 636 2473 nisi
660 2412 745 2472 facilc
766 2423 841 2473 esset
863 2416 919 2474 sibi
932 2458 941 2487 ‚
955 2425 989 2474 ut
1007 2422 1104 2492 posset
1117 2412 1135 2472 b

128 2498 322 2571 confessario,
336 2499 388 2577 qui
406 2514 471 2559 cam
483 2499 635 2576 imposuit,
645 2513 828 2576 cognoscere.
840 2500 879 2558 ll.
890 2501 957 2559 Non
971 2507 1067 2576 potest
1078 2499 1135 2559 im·

127 2582 201 2662 poni
221 2600 278 2661 pro
292 2584 412 2644 occultis
429 2578 554 2660 peccatis
576 2583 864 2661 publicasatisfactio
876 2603 885 2658 ς
898 2591 1017 2642 tenetur
1035 2591 1135 2641 autem

128 2666 322 2726 confessarius
343 2664 395 2727 has
416 2669 569 2745 imponere
582 2707 592 2742 ,
619 2668 643 2725 si
668 2667 724 2724 alia
748 2667 797 2724 vii
818 2683 880 2724 uon
906 2666 997 2741 possit
1021 2662 1135 2725 occurri

129 2748 267 2810 scandalo
280 2750 369 2823 dato,
386 2750 433 2811 vel
452 2750 559 2812 honori
575 2748 700 2823 alicujus
714 2748 811 2824 palam
832 2748 987 2822 detracto;
1005 2748 1057 2807 sed
1075 2765 1137 2808 nou

129 2840 175 2890 eet
188 2833 415 2912 adstringendus
432 2835 578 2913 penitens
594 2833 631 2892 ad
646 2830 793 2910 publicam
811 2832 1015 2909 paenitentiam
1029 2832 1137 2893 facien·

130 2914 200 2976 dam
214 2960 224 2987 ‚
236 2918 261 2977 oi
273 2918 337 2996 ipso
352 2920 469 2991 renuit,
484 2927 516 2979 et
527 2919 586 2979 alio
599 2916 689 2978 modo
702 2917 794 2995 possit
805 2916 974 2978 scandalum
987 2919 1136 2997 reporarm'

130 2998 277 3062 nimirum
298 3004 485 3064 Sacramenta
506 3001 739 3081 frequentando,
752 3002 893 3062 Ecclesiae
914 3001 1080 3073 visitando,
1098 3001 1136 3061 ad

130 3082 262 3161 aliquam
282 3085 548 3165 congregationem
568 3104 600 3146 sc
621 3086 825 3165 aggregando,
838 3095 894 3146 etc.
908 3082 942 3164 ll.
954 3104 980 3146 o.
997 3102 1031 3144 a.
1044 3085 1136 3162 512).

131 3166 184 3225 lll.
194 3167 361 3246 Aliquando
380 3177 476 3249 potest
489 3171 601 3248 imponi
613 3172 712 3248 aliqua
729 3172 903 3247 poenitentia
923 3169 979 3228 sub
992 3168 1137 3231 conditio-

132 3265 171 3308 ne
180 3293 189 3320 ,
199 3251 224 3310 si
238 3253 566 3329 pmnitensrciucidorit
577 3251 610 3333 (l.
625 3273 650 3315 c.
665 3273 698 3314 a.
722 3255 815 3330 bibl.
828 3253 886 3314 Sed
901 3251 1139 3314 animadvertens

110 3397 114 3402 ,
128 3332 204 3393 dnm
215 3331 385 3411 hujusmodi
393 3339 580 3415 paenitentias
590 3337 666 3400 forte
675 3338 825 3399 multoties
832 3337 947 3397 felicem
957 3352 1018 3396 non
1028 3333 1138 3399 babere

57 3477 65 3488 ,
132 3417 266 3490 mitum,
281 3421 429 3499 precipue
446 3422 471 3482 si
493 3438 546 3503 per
570 3422 692 3502 longum
716 3432 833 3499 tempus
853 3420 1003 3480 duraturae
1023 3431 1136 3500 crunt;

132 3500 202 3576 quia
210 3502 337 3566 faciliter
354 3516 453 3584 postea
473 3508 505 3568 in
526 3507 642 3586 relapsu
657 3508 869 3585 negliguntur,
889 3513 920 3565 ct
931 3515 1046 3584 peccata
1057 3507 1137 3568 mul-

135 3584 380 3735 tipsseantffillf.
395 3591 426 3653 Si
439 3608 569 3671 uuquam
584 3592 730 3671 poenitens
743 3590 799 3651 sibi
809 3590 918 3653 mutari
930 3589 1134 3733 peanitentiae}

201 3687 260 3733 om.
324 3714 334 3736 .
