2642 4167
431 278 540 362 §.vin
557 266 946 362 netnsevuoeuuune.
1139 283 1173 344 oi

163 398 299 445 monem.
325 380 356 442 Si
382 398 514 460 unqunne
533 381 687 441 demontus
712 380 774 456 jum
804 382 909 442 sculum
933 380 1118 455 ascenderit,
1145 390 1177 444 et

161 475 245 547 petat
259 464 418 538 confiteri,
437 463 549 544 ungnes
567 463 689 542 justitiae
709 465 878 539 ministros,
901 473 935 527 ut
958 467 1129 545 permittent
1148 468 1176 529 ei

161 551 366 623 descendere,
395 548 583 629 protestando
608 548 689 629 quod
712 560 783 611 tune
808 551 864 628 ipsi
894 559 1034 613 tenentur
1060 560 1176 630 tempus

162 636 206 698 illi
232 635 393 697 concedere
412 642 446 695 ut
467 633 651 696 confitentur.
677 636 738 695 lloe
761 642 861 696 tumen
883 637 976 697 currit
994 654 1049 712 pro
1068 653 1103 697 co
1123 637 1174 713 qui

163 721 298 781 nondum
319 720 467 780 confessus
477 727 540 795 cst,
553 736 621 779 num
634 720 660 779 si
672 737 740 779 reus
751 719 814 796 jum
830 718 900 780 olibe
909 721 1055 781 consessus
1066 720 1174 791 suerit,

163 813 235 865 terne
246 805 438 866 confessarius
451 812 569 863 moneat
584 822 652 863 enm
667 849 674 873 ,
693 811 726 863 ut
746 813 843 864 netum
856 805 1042 866 contritionis
1055 804 1173 875 eliciat,

163 896 193 949 ct
213 888 284 948 inde
302 889 343 949 sie
376 890 562 964 interroget:
584 887 646 968 Eju
667 885 715 966 fili
735 886 802 959 mi,
825 907 903 949 oreos
926 906 1022 950 nonne
1046 884 1175 948 s’nteuds's

162 972 299 1051 confiteri
323 971 399 1034 ovibi
424 972 526 1033 onmia
552 980 674 1053 peccota
702 980 774 1048 tuo,
796 980 825 1034 et
843 972 1007 1054 presertim
1031 968 1086 1036 illu
1107 989 1174 1052 quoe

162 1057 240 1118 serilri
255 1056 390 1118 dixisti?
411 1059 447 1117 Et
465 1055 533 1117 clim
554 1075 623 1118 reus
654 1058 813 1127 annuerit,
834 1057 1012 1118 levissimum
1035 1058 1063 1119 ei
1088 1055 1173 1117 sutis·

160 1142 321 1203 inetienem
339 1142 473 1220 imponet
492 1140 533 1220 (v.
548 1159 579 1220 g.
604 1149 638 1201 ut
654 1142 772 1202 invocet
794 1142 895 1203 lesum
911 1150 942 1203 et
965 1139 1117 1222 lilerium),
1143 1148 1174 1201 et

163 1228 303 1290 absolvet.

163 1397 190 1478 §.
206 1399 271 1460 vlt.
288 1397 438 1476 Quomodo
457 1415 488 1460 se
498 1415 601 1543 perere2
609 1398 711 1544 saepem
731 1396 928 1478 confessarius
942 1417 1009 1463 eum
1023 1397 1172 1480 infestetis

660 1502 755 1545 mone.

201 1740 271 1800 tiu.
288 1671 419 1810 Atium
440 1736 548 1798 obsessi
564 1737 580 1798 b
599 1737 683 1797 melis
711 1735 865 1815 spiritibus
885 1746 1031 1798 vexentur
1051 1738 1172 1816 spectris

160 1821 373 1895 horribilibus,
395 1828 446 1883 out
464 1821 665 1901 corporalibus
680 1820 866 1881 eruciatibus.
882 1822 996 1881 llorum
1019 1821 1111 1883 facilis
1129 1831 1174 1884 est

78 1974 81 1979 ,
160 1920 254 1987 curu·;
269 1909 437 1970 insinuetur
450 1908 492 1967 eis
502 1908 615 1976 oratio,
632 1907 773 1985 patientia
787 1951 796 1978 ,
811 1915 842 1968 et
853 1925 942 1986 super
953 1909 1052 1968 omnin
1063 1907 1173 1970 «livine

159 1994 308 2055 voluntati
329 1991 525 2052 uuiiormitus.
544 1988 740 2051 Conlossnrius
762 2010 822 2051 non
843 1992 881 2051 sit
901 1992 940 2051 ita
957 1991 1123 2053 incredulus
1138 1999 1172 2052 ut

156 2077 273 2157 judicet
296 2094 397 2138 omnes
425 2073 477 2135 llus
506 2076 690 2145 invasiones,
712 2085 763 2135 sut
786 2076 981 2138 infestationes
1001 2077 1171 2139 doemonum

160 2180 225 2224 esse
247 2159 430 2240 pbnutnsius,
459 2169 510 2219 aut
533 2161 699 2238 corporales
718 2159 1009 2240 infirmitutcs3quia
1034 2180 1095 2222 non
1118 2179 1171 2221 ne·

160 2247 317 2327 gundum,
342 2264 426 2306 veros
454 2244 584 2306 obsessos
609 2246 698 2304 etium
729 2246 809 2306 inter
830 2244 1003 2308 christianos
1032 2248 1168 2309 existere.

146 2333 288 2394 'Ecclesia
309 2331 389 2391 cnim
417 2328 557 2390 edversvis
584 2329 749 2390 invasiones
771 2332 840 2390 istas
866 2341 910 2392 tot
931 2332 1059 2392 instituit
1085 2348 1171 2391 exur-

159 2418 268 2478 eismos
286 2460 296 2487 ,
316 2433 445 2495 quoium
467 2415 639 2475 exercitium
667 2412 791 2476 testetur
815 2416 900 2477 nobis
921 2416 1078 2478 concilium
1102 2415 1169 2476 Tri·

157 2501 318 2561 uenvtnun
339 2496 437 2576 (Te-ivl.
453 2516 521 2558 sess.
542 2501 590 2559 23.
603 2519 626 2560 o.
649 2499 693 2580 ι.)
711 2517 828 2578 semper
850 2500 884 2560 in
906 2518 959 2560 usu
980 2501 1069 2560 fuisse
1089 2497 1169 2575 apud

157 2585 328 2647 Ecclesiam.
355 2585 553 2660 Prutcrqunnr
576 2583 684 2661 qued,
707 2585 732 2643 si
763 2585 872 2643 obsessi
901 2601 961 2643 non
988 2583 1166 2654 existerent,

158 2670 310 2731 inutiliter.
335 2667 408 2728 ordo
433 2670 628 2728 Exoreistutus
655 2668 810 2728 institutus
841 2666 964 2735 luisset,
990 2683 1049 2743 quo
1079 2683 1169 2744 super

158 2773 374 2835 energumenos
392 2764 422 2815 et
440 2754 662 2815 catechumenos
675 2762 801 2831 potestus
817 2752 964 2812 confertur
980 2750 1072 2829 (quod
1090 2753 1169 2815 certis

158 2860 219 2903 non
233 2850 331 2920 potest
346 2839 482 2918 supponi)
496 2863 504 2916 ς
518 2851 548 2899 et
565 2839 686 2918 quidem
699 2836 746 2895 bie
756 2837 829 2898 ordo
843 2846 886 2896 est
899 2855 975 2896 unus
985 2855 1020 2896 ex
1033 2847 1167 2914 septem,

157 2929 210 3005 qui
238 2943 357 3003 semper
381 2927 412 2984 in
450 2927 572 2985 Ecclesia
598 2925 649 2983 Dei
677 2924 818 2991 suerunt,
845 2931 878 2983 ut
899 2923 978 2984 idern
1007 2924 1167 2985 concilium

157 3010 328 3070 declaravit.
342 3006 486 3069 Ceterirm
507 3010 662 3091 eonsilium
679 3018 723 3068 ost
738 3026 854 3087 semper
871 3009 909 3070 de
920 3009 1029 3073 talibus
1044 3009 1169 3068 investu-

156 3094 247 3153 nibus
267 3093 465 3172 suspicionem
488 3090 616 3168 hubere3
639 3112 700 3153 non
722 3094 802 3154 enim
816 3093 1004 3173 negandum,
1025 3091 1167 3170 majorem
1219 3130 1222 3135 <

156 3194 261 3237 eurum
286 3182 402 3256 purtem
424 3194 486 3236 esse
508 3186 559 3237 aut
587 3177 741 3248 fictiones,
767 3188 818 3239 eut
840 3177 1088 3256 imaginationes,
1116 3188 1167 3240 sut

156 3261 365 3331 infirmitates,
383 3262 545 3338 presertim
567 3261 598 3321 in
623 3263 808 3325 mulieribus.

197 3347 265 3406 lii.
278 3346 337 3419 Qui
353 3354 452 3404 tomen
475 3347 566 3423 iringis
584 3348 680 3406 solent
695 3345 937 3407 confessariorum
958 3352 1087 3407 mentem
1101 3366 1168 3425 gre·

155 3429 293 3491 rioribus
306 3429 528 3490 difficultatibus
544 3431 715 3509 implicare,
735 3440 804 3490 sunt
819 3432 839 3489 ii
859 3430 910 3508 qui
928 3430 1062 3507 turpibus
1079 3433 1167 3493 visio-

155 3513 267 3589 nibus,
283 3512 432 3585 motibus,
452 3532 485 3574 ue
505 3516 594 3576 etium
608 3517 733 3576 tactibus
746 3523 889 3573 vexantur
906 3512 922 3573 iv
939 3512 1093 3590 dunione,
1113 3520 1165 3596 qui

154 3615 219 3658 nou
239 3596 339 3660 solvim
352 3597 486 3658 fomitem
503 3600 671 3662 sensualem
690 3600 812 3671 excitet,
833 3598 884 3660 sed
900 3599 1056 3679 aliquando
1078 3603 1167 3662 etium

155 3699 227 3745 cum
245 3683 290 3745 eis
307 3684 425 3755 cnrnnle
445 3686 655 3746 commercium
676 3685 731 3746 snb
756 3685 851 3748 forma
875 3685 931 3746 viri
959 3696 1010 3746 out
1035 3685 1166 3771 mulieris
