<?xml version="1.0" encoding="UTF-8"?>
<!DOCTYPE html PUBLIC "-//W3C//DTD XHTML 1.0 Transitional//EN"
    "http://www.w3.org/TR/xhtml1/DTD/xhtml1-transitional.dtd">
<html xmlns="http://www.w3.org/1999/xhtml" xml:lang="en" lang="en">
 <head>
  <title>
</title>
<meta http-equiv="Content-Type" content="text/html;charset=utf-8" />
  <meta name='ocr-system' content='tesseract 3.04.00' />
  <meta name='ocr-capabilities' content='ocr_page ocr_carea ocr_par ocr_line ocrx_word'/>
</head>
<body>
  <div class='ocr_page' id='page_1' title='image "./theologiamorali05heilgoog_0375.png"; bbox 0 0 2642 4167; ppageno 0'>
   <div class='ocr_carea' id='block_1_1' title="bbox 90 190 1149 3661">
    <p class='ocr_par' dir='ltr' id='par_1_1' title="bbox 106 190 1114 465">
     <span class='ocr_line' id='line_1_1' title="bbox 373 190 1111 276; baseline 0.011 -21"><span class='ocrx_word' id='word_1_1' title='bbox 373 196 424 255; x_wconf 76' lang='lat' dir='ltr'><strong>Ee</strong></span> <span class='ocrx_word' id='word_1_2' title='bbox 437 194 574 276; x_wconf 76' lang='lat' dir='ltr'><strong>operiirts</strong></span> <span class='ocrx_word' id='word_1_3' title='bbox 595 193 747 258; x_wconf 75' lang='lat' dir='ltr'><strong>Benedicti</strong></span> <span class='ocrx_word' id='word_1_4' title='bbox 757 200 807 259; x_wconf 83' lang='lat' dir='ltr'><strong>XI</strong></span> <span class='ocrx_word' id='word_1_5' title='bbox 813 190 867 259; x_wconf 55' lang='lat' dir='ltr'><strong>V(</strong></span> <span class='ocrx_word' id='word_1_6' title='bbox 1058 198 1111 264; x_wconf 80' lang='lat' dir='ltr'><strong>att</strong></span> 
     </span>
     <span class='ocr_line' id='line_1_2' title="bbox 107 303 1114 385; baseline 0.007 -20"><span class='ocrx_word' id='word_1_7' title='bbox 107 304 167 383; x_wconf 81' lang='lat' dir='ltr'><strong>ejus</strong></span> <span class='ocrx_word' id='word_1_8' title='bbox 180 303 311 365; x_wconf 68' lang='lat' dir='ltr'><strong>sicarius</strong></span> <span class='ocrx_word' id='word_1_9' title='bbox 333 303 477 382; x_wconf 73' lang='lat' dir='ltr'><strong>prohibiti</strong></span> <span class='ocrx_word' id='word_1_10' title='bbox 490 306 528 366; x_wconf 86' lang='lat' dir='ltr'><strong>ab</strong></span> <span class='ocrx_word' id='word_1_11' title='bbox 545 306 712 385; x_wconf 79' lang='lat' dir='ltr'><strong>Episcopo,</strong></span> <span class='ocrx_word' id='word_1_12' title='bbox 734 307 868 368; x_wconf 79' lang='lat' dir='ltr'><strong>nolentes</strong></span> <span class='ocrx_word' id='word_1_13' title='bbox 885 314 917 368; x_wconf 85' lang='lat' dir='ltr'><strong>rt</strong></span> <span class='ocrx_word' id='word_1_14' title='bbox 936 307 1023 371; x_wconf 81' lang='lat' dir='ltr'><strong>inviti</strong></span> <span class='ocrx_word' id='word_1_15' title='bbox 1043 310 1114 372; x_wconf 80' lang='lat' dir='ltr'><strong>assi·</strong></span> 
     </span>
     <span class='ocr_line' id='line_1_3' title="bbox 106 384 867 465; baseline 0.005 -18"><span class='ocrx_word' id='word_1_16' title='bbox 106 394 178 448; x_wconf 85' lang='lat' dir='ltr'><strong>strrc</strong></span> <span class='ocrx_word' id='word_1_17' title='bbox 197 395 351 465; x_wconf 75' lang='lat' dir='ltr'><strong>cogantur.</strong></span> <span class='ocrx_word' id='word_1_18' title='bbox 370 384 445 448; x_wconf 85' lang='lat' dir='ltr'><strong>ibid.</strong></span> <span class='ocrx_word' id='word_1_19' title='bbox 467 402 503 449; x_wconf 83' lang='lat' dir='ltr'><strong>ex</strong></span> <span class='ocrx_word' id='word_1_20' title='bbox 521 391 624 449; x_wconf 83' lang='lat' dir='ltr'><strong>eodem</strong></span> <span class='ocrx_word' id='word_1_21' title='bbox 643 391 773 451; x_wconf 87' lang='lat' dir='ltr'><strong>decreto.</strong></span> <span class='ocrx_word' id='word_1_22' title='bbox 859 418 867 428; x_wconf 90' lang='lat'><strong>·</strong></span> 
     </span>
    </p>

    <p class='ocr_par' dir='ltr' id='par_1_2' title="bbox 107 467 1116 703">
     <span class='ocr_line' id='line_1_4' title="bbox 142 467 1113 554; baseline 0.007 -22"><span class='ocrx_word' id='word_1_23' title='bbox 142 467 331 533; x_wconf 79' lang='lat' dir='ltr'><strong>Matrimonia</strong></span> <span class='ocrx_word' id='word_1_24' title='bbox 346 471 490 550; x_wconf 83' lang='lat' dir='ltr'><strong>jungendi</strong></span> <span class='ocrx_word' id='word_1_25' title='bbox 504 492 564 534; x_wconf 90' lang='lat' dir='ltr'><strong>non</strong></span> <span class='ocrx_word' id='word_1_26' title='bbox 585 484 654 534; x_wconf 89' lang='lat' dir='ltr'><strong>sunt</strong></span> <span class='ocrx_word' id='word_1_27' title='bbox 671 474 800 554; x_wconf 85' lang='lat' dir='ltr'><strong>sponsih</strong></span> <span class='ocrx_word' id='word_1_28' title='bbox 819 474 966 554; x_wconf 77' lang='lat' dir='ltr'><strong>parocho,</strong></span> <span class='ocrx_word' id='word_1_29' title='bbox 988 478 1012 537; x_wconf 85' lang='lat' dir='ltr'><strong>&#39;si</strong></span> <span class='ocrx_word' id='word_1_30' title='bbox 1032 492 1113 539; x_wconf 89' lang='lat' dir='ltr'><strong>com·</strong></span> 
     </span>
     <span class='ocr_line' id='line_1_5' title="bbox 107 556 1116 639; baseline 0.01 -24"><span class='ocrx_word' id='word_1_31' title='bbox 107 558 197 634; x_wconf 80' lang='lat' dir='ltr'><strong>periet</strong></span> <span class='ocrx_word' id='word_1_32' title='bbox 220 556 287 616; x_wconf 83' lang='lat' dir='ltr'><strong>illos</strong></span> <span class='ocrx_word' id='word_1_33' title='bbox 309 557 447 634; x_wconf 74' lang='lat' dir='ltr'><strong>ignorare</strong></span> <span class='ocrx_word' id='word_1_34' title='bbox 464 560 623 618; x_wconf 81' lang='lat' dir='ltr'><strong>necessaria</strong></span> <span class='ocrx_word' id='word_1_35' title='bbox 648 557 685 618; x_wconf 91' lang='lat' dir='ltr'><strong>ad</strong></span> <span class='ocrx_word' id='word_1_36' title='bbox 719 558 855 619; x_wconf 81' lang='lat' dir='ltr'><strong>salutern.</strong></span> <span class='ocrx_word' id='word_1_37' title='bbox 879 560 1030 639; x_wconf 81' lang='lat' dir='ltr'><strong>Eneyclicn</strong></span> <span class='ocrx_word' id='word_1_38' title='bbox 1046 561 1116 625; x_wconf 76' lang='lat' dir='ltr'><strong>rut</strong></span> 
     </span>
     <span class='ocr_line' id='line_1_6' title="bbox 107 640 235 703; baseline -0.016 -2"><span class='ocrx_word' id='word_1_39' title='bbox 107 640 235 703; x_wconf 73' lang='lat' dir='ltr'><strong>oriniaci.</strong></span> 
     </span>
    </p>

    <p class='ocr_par' dir='ltr' id='par_1_3' title="bbox 102 722 1114 1733">
     <span class='ocr_line' id='line_1_7' title="bbox 143 722 1111 804; baseline 0.007 -19"><span class='ocrx_word' id='word_1_40' title='bbox 143 728 176 785; x_wconf 89' lang='lat' dir='ltr'><strong>in</strong></span> <span class='ocrx_word' id='word_1_41' title='bbox 200 722 413 803; x_wconf 84' lang='lat' dir='ltr'><strong>impedimento</strong></span> <span class='ocrx_word' id='word_1_42' title='bbox 434 724 612 803; x_wconf 75' lang='lat' dir='ltr'><strong>disparitatis</strong></span> <span class='ocrx_word' id='word_1_43' title='bbox 624 725 721 786; x_wconf 85' lang='lat' dir='ltr'><strong>cultris</strong></span> <span class='ocrx_word' id='word_1_44' title='bbox 740 729 1034 790; x_wconf 87' lang='lat' dir='ltr'><strong>animadvertendum</strong></span> <span class='ocrx_word' id='word_1_45' title='bbox 1048 741 1111 804; x_wconf 88' lang='lat' dir='ltr'><strong>est,</strong></span> 
     </span>
     <span class='ocr_line' id='line_1_8' title="bbox 110 802 1113 887; baseline 0.007 -18"><span class='ocrx_word' id='word_1_46' title='bbox 110 809 283 887; x_wconf 78' lang='lat' dir='ltr'><strong>conjugem,</strong></span> <span class='ocrx_word' id='word_1_47' title='bbox 307 810 357 887; x_wconf 85' lang='lat' dir='ltr'><strong>qui</strong></span> <span class='ocrx_word' id='word_1_48' title='bbox 378 808 413 866; x_wconf 87' lang='lat' dir='ltr'><strong>ad</strong></span> <span class='ocrx_word' id='word_1_49' title='bbox 434 802 524 869; x_wconf 81' lang='lat' dir='ltr'><strong>fldem</strong></span> <span class='ocrx_word' id='word_1_50' title='bbox 547 811 686 879; x_wconf 84' lang='lat' dir='ltr'><strong>transiit,</strong></span> <span class='ocrx_word' id='word_1_51' title='bbox 706 812 798 872; x_wconf 87' lang='lat' dir='ltr'><strong>altero</strong></span> <span class='ocrx_word' id='word_1_52' title='bbox 824 813 855 872; x_wconf 93' lang='lat' dir='ltr'><strong>in</strong></span> <span class='ocrx_word' id='word_1_53' title='bbox 874 815 1047 877; x_wconf 80' lang='lat' dir='ltr'><strong>infidelitate</strong></span> <span class='ocrx_word' id='word_1_54' title='bbox 1066 834 1113 876; x_wconf 91' lang='lat' dir='ltr'><strong>rc·</strong></span> 
     </span>
     <span class='ocr_line' id='line_1_9' title="bbox 106 887 1112 969; baseline 0.007 -18"><span class='ocrx_word' id='word_1_55' title='bbox 106 892 171 954; x_wconf 88' lang='lat' dir='ltr'><strong>iirto</strong></span> <span class='ocrx_word' id='word_1_56' title='bbox 188 938 196 963; x_wconf 88' lang='lat'><strong>,</strong></span> <span class='ocrx_word' id='word_1_57' title='bbox 216 894 308 953; x_wconf 78' lang='lat' dir='ltr'><strong>teneri</strong></span> <span class='ocrx_word' id='word_1_58' title='bbox 326 887 446 969; x_wconf 88' lang='lat' dir='ltr'><strong>quidem</strong></span> <span class='ocrx_word' id='word_1_59' title='bbox 467 894 626 953; x_wconf 82' lang='lat' dir='ltr'><strong>admondre</strong></span> <span class='ocrx_word' id='word_1_60' title='bbox 645 896 796 956; x_wconf 83' lang='lat' dir='ltr'><strong>infidelem</strong></span> <span class='ocrx_word' id='word_1_61' title='bbox 815 942 823 967; x_wconf 94' lang='lat'><strong>,</strong></span> <span class='ocrx_word' id='word_1_62' title='bbox 844 897 918 957; x_wconf 84' lang='lat' dir='ltr'><strong>mim</strong></span> <span class='ocrx_word' id='word_1_63' title='bbox 940 900 1010 958; x_wconf 83' lang='lat' dir='ltr'><strong>rciit</strong></span> <span class='ocrx_word' id='word_1_64' title='bbox 1026 898 1112 958; x_wconf 77' lang='lat' dir='ltr'><strong>coira-</strong></span> 
     </span>
     <span class='ocr_line' id='line_1_10' title="bbox 107 977 1114 1055; baseline 0.005 -18"><span class='ocrx_word' id='word_1_65' title='bbox 107 977 201 1037; x_wconf 81' lang='lat' dir='ltr'><strong>ltiturc</strong></span> <span class='ocrx_word' id='word_1_66' title='bbox 219 977 328 1055; x_wconf 80' lang='lat' dir='ltr'><strong>absque</strong></span> <span class='ocrx_word' id='word_1_67' title='bbox 341 977 519 1036; x_wconf 77' lang='lat' dir='ltr'><strong>contumelii</strong></span> <span class='ocrx_word' id='word_1_68' title='bbox 541 980 704 1048; x_wconf 80' lang='lat' dir='ltr'><strong>creatoris,</strong></span> <span class='ocrx_word' id='word_1_69' title='bbox 722 990 750 1040; x_wconf 86' lang='lat' dir='ltr'><strong>et</strong></span> <span class='ocrx_word' id='word_1_70' title='bbox 764 982 828 1040; x_wconf 88' lang='lat' dir='ltr'><strong>siue</strong></span> <span class='ocrx_word' id='word_1_71' title='bbox 841 982 896 1041; x_wconf 82' lang='lat' dir='ltr'><strong>istri</strong></span> <span class='ocrx_word' id='word_1_72' title='bbox 912 983 1114 1042; x_wconf 83' lang='lat' dir='ltr'><strong>admonitione</strong></span> 
     </span>
     <span class='ocr_line' id='line_1_11' title="bbox 104 1061 1112 1139; baseline 0.006 -18"><span class='ocrx_word' id='word_1_73' title='bbox 104 1061 200 1121; x_wconf 87' lang='lat' dir='ltr'><strong>iidclis</strong></span> <span class='ocrx_word' id='word_1_74' title='bbox 219 1076 285 1139; x_wconf 27' lang='lat' dir='ltr'><strong>non,</strong></span> <span class='ocrx_word' id='word_1_75' title='bbox 299 1070 394 1139; x_wconf 77' lang='lat' dir='ltr'><strong>protest</strong></span> <span class='ocrx_word' id='word_1_76' title='bbox 413 1061 449 1120; x_wconf 88' lang='lat' dir='ltr'><strong>od</strong></span> <span class='ocrx_word' id='word_1_77' title='bbox 463 1062 588 1121; x_wconf 88' lang='lat' dir='ltr'><strong>secunda</strong></span> <span class='ocrx_word' id='word_1_78' title='bbox 610 1073 676 1122; x_wconf 82' lang='lat' dir='ltr'><strong>voto</strong></span> <span class='ocrx_word' id='word_1_79' title='bbox 697 1066 834 1125; x_wconf 88' lang='lat' dir='ltr'><strong>transire.</strong></span> <span class='ocrx_word' id='word_1_80' title='bbox 850 1064 960 1125; x_wconf 81' lang='lat' dir='ltr'><strong>Verum</strong></span> <span class='ocrx_word' id='word_1_81' title='bbox 979 1067 1112 1127; x_wconf 79' lang='lat' dir='ltr'><strong>Pontifex</strong></span> 
     </span>
     <span class='ocr_line' id='line_1_12' title="bbox 104 1145 1112 1226; baseline 0.004 -19"><span class='ocrx_word' id='word_1_82' title='bbox 104 1166 170 1207; x_wconf 87' lang='lat' dir='ltr'><strong>cum</strong></span> <span class='ocrx_word' id='word_1_83' title='bbox 191 1145 346 1226; x_wconf 85' lang='lat' dir='ltr'><strong>neophytis</strong></span> <span class='ocrx_word' id='word_1_84' title='bbox 369 1148 519 1225; x_wconf 83' lang='lat' dir='ltr'><strong>baptizatis</strong></span> <span class='ocrx_word' id='word_1_85' title='bbox 538 1149 579 1226; x_wconf 90' lang='lat' dir='ltr'><strong>pii</strong></span> <span class='ocrx_word' id='word_1_86' title='bbox 602 1150 657 1208; x_wconf 90' lang='lat' dir='ltr'><strong>ioci</strong></span> <span class='ocrx_word' id='word_1_87' title='bbox 682 1149 959 1211; x_wconf 78' lang='lat' dir='ltr'><strong>catechumenorum</strong></span> <span class='ocrx_word' id='word_1_88' title='bbox 982 1152 1112 1212; x_wconf 76' lang='lat' dir='ltr'><strong>venetiis</strong></span> 
     </span>
     <span class='ocr_line' id='line_1_13' title="bbox 103 1231 1112 1311; baseline 0.006 -20"><span class='ocrx_word' id='word_1_89' title='bbox 103 1231 270 1311; x_wconf 83' lang='lat' dir='ltr'><strong>dispensat,</strong></span> <span class='ocrx_word' id='word_1_90' title='bbox 298 1239 330 1289; x_wconf 90' lang='lat' dir='ltr'><strong>ut</strong></span> <span class='ocrx_word' id='word_1_91' title='bbox 357 1232 471 1310; x_wconf 88' lang='lat' dir='ltr'><strong>possint</strong></span> <span class='ocrx_word' id='word_1_92' title='bbox 495 1231 695 1299; x_wconf 82' lang='lat' dir='ltr'><strong>contrahere,</strong></span> <span class='ocrx_word' id='word_1_93' title='bbox 715 1234 803 1292; x_wconf 87' lang='lat' dir='ltr'><strong>etiam</strong></span> <span class='ocrx_word' id='word_1_94' title='bbox 832 1252 971 1294; x_wconf 88' lang='lat' dir='ltr'><strong>consensu</strong></span> <span class='ocrx_word' id='word_1_95' title='bbox 992 1236 1112 1311; x_wconf 74' lang='lat' dir='ltr'><strong>atterius</strong></span> 
     </span>
     <span class='ocr_line' id='line_1_14' title="bbox 104 1315 1108 1394; baseline 0.003 -17"><span class='ocrx_word' id='word_1_96' title='bbox 104 1316 235 1394; x_wconf 80' lang='lat' dir='ltr'><strong>conjugis</strong></span> <span class='ocrx_word' id='word_1_97' title='bbox 247 1315 373 1374; x_wconf 84' lang='lat' dir='ltr'><strong>iniideiis</strong></span> <span class='ocrx_word' id='word_1_98' title='bbox 385 1326 444 1374; x_wconf 90' lang='lat' dir='ltr'><strong>uon</strong></span> <span class='ocrx_word' id='word_1_99' title='bbox 454 1316 614 1392; x_wconf 87' lang='lat' dir='ltr'><strong>requisito,</strong></span> <span class='ocrx_word' id='word_1_100' title='bbox 628 1316 791 1376; x_wconf 90' lang='lat' dir='ltr'><strong>dummodo</strong></span> <span class='ocrx_word' id='word_1_101' title='bbox 803 1328 916 1378; x_wconf 80' lang='lat' dir='ltr'><strong>constet</strong></span> <span class='ocrx_word' id='word_1_102' title='bbox 930 1319 1108 1390; x_wconf 73' lang='lat' dir='ltr'><strong>summarie,</strong></span> 
     </span>
     <span class='ocr_line' id='line_1_15' title="bbox 103 1392 1112 1479; baseline 0.001 -19"><span class='ocrx_word' id='word_1_103' title='bbox 103 1408 132 1460; x_wconf 82' lang='lat' dir='ltr'><strong>et</strong></span> <span class='ocrx_word' id='word_1_104' title='bbox 154 1398 437 1474; x_wconf 84' lang='lat' dir='ltr'><strong>extrajudiciuiitcr,</strong></span> <span class='ocrx_word' id='word_1_105' title='bbox 458 1392 543 1458; x_wconf 90' lang='lat' dir='ltr'><strong>iiium</strong></span> <span class='ocrx_word' id='word_1_106' title='bbox 565 1399 677 1459; x_wconf 75' lang='lat' dir='ltr'><strong>nrondri</strong></span> <span class='ocrx_word' id='word_1_107' title='bbox 699 1399 821 1460; x_wconf 77' lang='lat' dir='ltr'><strong>minime</strong></span> <span class='ocrx_word' id='word_1_108' title='bbox 844 1414 952 1478; x_wconf 86' lang='lat' dir='ltr'><strong>posse,</strong></span> <span class='ocrx_word' id='word_1_109' title='bbox 976 1405 1112 1479; x_wconf 83' lang='lat' dir='ltr'><strong>quumvis</strong></span> 
     </span>
     <span class='ocr_line' id='line_1_16' title="bbox 102 1479 1112 1564; baseline 0 -19"><span class='ocrx_word' id='word_1_110' title='bbox 102 1494 202 1563; x_wconf 81' lang='lat' dir='ltr'><strong>pastea</strong></span> <span class='ocrx_word' id='word_1_111' title='bbox 221 1493 406 1561; x_wconf 87' lang='lat' dir='ltr'><strong>compertum</strong></span> <span class='ocrx_word' id='word_1_112' title='bbox 422 1479 483 1553; x_wconf 79' lang='lat' dir='ltr'><strong>sit.</strong></span> <span class='ocrx_word' id='word_1_113' title='bbox 508 1484 641 1544; x_wconf 91' lang='lat' dir='ltr'><strong>iniideies</strong></span> <span class='ocrx_word' id='word_1_114' title='bbox 660 1485 726 1544; x_wconf 82' lang='lat' dir='ltr'><strong>ilios</strong></span> <span class='ocrx_word' id='word_1_115' title='bbox 749 1495 882 1564; x_wconf 84' lang='lat' dir='ltr'><strong>ternpore</strong></span> <span class='ocrx_word' id='word_1_116' title='bbox 903 1486 1022 1547; x_wconf 86' lang='lat' dir='ltr'><strong>secundi</strong></span> <span class='ocrx_word' id='word_1_117' title='bbox 1048 1502 1112 1545; x_wconf 87' lang='lat' dir='ltr'><strong>ma·</strong></span> 
     </span>
     <span class='ocr_line' id='line_1_17' title="bbox 102 1567 1110 1647; baseline 0 -20"><span class='ocrx_word' id='word_1_118' title='bbox 102 1569 235 1629; x_wconf 89' lang='lat' dir='ltr'><strong>trimouii</strong></span> <span class='ocrx_word' id='word_1_119' title='bbox 256 1568 350 1627; x_wconf 76' lang='lat' dir='ltr'><strong>flectis</strong></span> <span class='ocrx_word' id='word_1_120' title='bbox 365 1568 502 1647; x_wconf 80' lang='lat' dir='ltr'><strong>baptizati</strong></span> <span class='ocrx_word' id='word_1_121' title='bbox 522 1567 558 1628; x_wconf 89' lang='lat' dir='ltr'><strong>ad</strong></span> <span class='ocrx_word' id='word_1_122' title='bbox 578 1569 669 1630; x_wconf 88' lang='lat' dir='ltr'><strong>iidem</strong></span> <span class='ocrx_word' id='word_1_123' title='bbox 687 1570 776 1630; x_wconf 81' lang='lat' dir='ltr'><strong>sitisse</strong></span> <span class='ocrx_word' id='word_1_124' title='bbox 799 1584 964 1630; x_wconf 78' lang='lat' dir='ltr'><strong>conversos.</strong></span> <span class='ocrx_word' id='word_1_125' title='bbox 985 1569 1110 1631; x_wconf 79' lang='lat' dir='ltr'><strong>constit.</strong></span> 
     </span>
     <span class='ocr_line' id='line_1_18' title="bbox 103 1653 306 1733; baseline -0.01 -21"><span class='ocrx_word' id='word_1_126' title='bbox 103 1653 139 1713; x_wconf 80' lang='lat' dir='ltr'><strong>Io</strong></span> <span class='ocrx_word' id='word_1_127' title='bbox 154 1666 306 1733; x_wconf 78' lang='lat' dir='ltr'><strong>supremo.</strong></span> 
     </span>
    </p>

    <p class='ocr_par' dir='ltr' id='par_1_4' title="bbox 90 1735 1149 3661">
     <span class='ocr_line' id='line_1_19' title="bbox 138 1735 1111 1812; baseline 0.001 -13"><span class='ocrx_word' id='word_1_128' title='bbox 138 1740 168 1799; x_wconf 87' lang='lat' dir='ltr'><strong>Si</strong></span> <span class='ocrx_word' id='word_1_129' title='bbox 186 1737 312 1797; x_wconf 83' lang='lat' dir='ltr'><strong>infidelis</strong></span> <span class='ocrx_word' id='word_1_130' title='bbox 327 1735 434 1812; x_wconf 85' lang='lat' dir='ltr'><strong>conjux</strong></span> <span class='ocrx_word' id='word_1_131' title='bbox 451 1737 603 1800; x_wconf 81' lang='lat' dir='ltr'><strong>veniatad</strong></span> <span class='ocrx_word' id='word_1_132' title='bbox 622 1737 730 1805; x_wconf 83' lang='lat' dir='ltr'><strong>fidem,</strong></span> <span class='ocrx_word' id='word_1_133' title='bbox 744 1746 774 1796; x_wconf 88' lang='lat' dir='ltr'><strong>et</strong></span> <span class='ocrx_word' id='word_1_134' title='bbox 790 1739 865 1796; x_wconf 87' lang='lat' dir='ltr'><strong>aiter</strong></span> <span class='ocrx_word' id='word_1_135' title='bbox 885 1738 1045 1798; x_wconf 86' lang='lat' dir='ltr'><strong>consentiat</strong></span> <span class='ocrx_word' id='word_1_136' title='bbox 1059 1738 1111 1800; x_wconf 86' lang='lat' dir='ltr'><strong>ha·</strong></span> 
     </span>
     <span class='ocr_line' id='line_1_20' title="bbox 100 1818 1112 1904; baseline 0.001 -20"><span class='ocrx_word' id='word_1_137' title='bbox 100 1820 280 1885; x_wconf 77' lang='lat' dir='ltr'><strong>tiorn&#39;enn</strong></span> <span class='ocrx_word' id='word_1_138' title='bbox 294 1822 346 1881; x_wconf 89' lang='lat' dir='ltr'><strong>iiio</strong></span> <span class='ocrx_word' id='word_1_139' title='bbox 359 1823 468 1900; x_wconf 84' lang='lat' dir='ltr'><strong>absque</strong></span> <span class='ocrx_word' id='word_1_140' title='bbox 490 1818 599 1904; x_wconf 77' lang='lat' dir='ltr'><strong>injurii</strong></span> <span class='ocrx_word' id='word_1_141' title='bbox 615 1823 781 1893; x_wconf 87' lang='lat' dir='ltr'><strong>Creatoris,</strong></span> <span class='ocrx_word' id='word_1_142' title='bbox 796 1824 931 1899; x_wconf 88' lang='lat' dir='ltr'><strong>quamvis</strong></span> <span class='ocrx_word' id='word_1_143' title='bbox 949 1824 978 1882; x_wconf 92' lang='lat' dir='ltr'><strong>in</strong></span> <span class='ocrx_word' id='word_1_144' title='bbox 1005 1823 1112 1886; x_wconf 81' lang='lat' dir='ltr'><strong>infide-</strong></span> 
     </span>
     <span class='ocr_line' id='line_1_21' title="bbox 100 1906 1111 1989; baseline 0.003 -22"><span class='ocrx_word' id='word_1_145' title='bbox 100 1907 184 1969; x_wconf 86' lang='lat' dir='ltr'><strong>litate</strong></span> <span class='ocrx_word' id='word_1_146' title='bbox 205 1922 392 1986; x_wconf 78' lang='lat' dir='ltr'><strong>perseverare</strong></span> <span class='ocrx_word' id='word_1_147' title='bbox 406 1906 578 1989; x_wconf 75' lang='lat' dir='ltr'><strong>relittqttod</strong></span> <span class='ocrx_word' id='word_1_148' title='bbox 596 1907 791 1983; x_wconf 88' lang='lat' dir='ltr'><strong>judicandum</strong></span> <span class='ocrx_word' id='word_1_149' title='bbox 807 1908 936 1985; x_wconf 89' lang='lat' dir='ltr'><strong>pertinet</strong></span> <span class='ocrx_word' id='word_1_150' title='bbox 945 1908 983 1987; x_wconf 83' lang='lat' dir='ltr'><strong>ud</strong></span> <span class='ocrx_word' id='word_1_151' title='bbox 994 1910 1111 1986; x_wconf 79' lang='lat' dir='ltr'><strong>Episco-</strong></span> 
     </span>
     <span class='ocr_line' id='line_1_22' title="bbox 99 1992 1109 2073; baseline 0 -18"><span class='ocrx_word' id='word_1_152' title='bbox 99 1992 187 2073; x_wconf 84' lang='lat' dir='ltr'><strong>pum)</strong></span> <span class='ocrx_word' id='word_1_153' title='bbox 201 2002 272 2053; x_wconf 75' lang='lat' dir='ltr'><strong>tunt</strong></span> <span class='ocrx_word' id='word_1_154' title='bbox 290 1992 419 2052; x_wconf 84' lang='lat' dir='ltr'><strong>decrevit</strong></span> <span class='ocrx_word' id='word_1_155' title='bbox 433 1993 463 2050; x_wconf 86' lang='lat' dir='ltr'><strong>S.</strong></span> <span class='ocrx_word' id='word_1_156' title='bbox 478 1993 691 2070; x_wconf 73' lang='lat' dir='ltr'><strong>congregatio,</strong></span> <span class='ocrx_word' id='word_1_157' title='bbox 708 2010 767 2053; x_wconf 92' lang='lat' dir='ltr'><strong>non</strong></span> <span class='ocrx_word' id='word_1_158' title='bbox 782 2011 866 2071; x_wconf 88' lang='lat' dir='ltr'><strong>posse</strong></span> <span class='ocrx_word' id='word_1_159' title='bbox 884 2008 1058 2054; x_wconf 82' lang='lat' dir='ltr'><strong>eotrversum</strong></span> <span class='ocrx_word' id='word_1_160' title='bbox 1072 1994 1109 2055; x_wconf 88' lang='lat' dir='ltr'><strong>ad</strong></span> 
     </span>
     <span class='ocr_line' id='line_1_23' title="bbox 98 2075 1149 2156; baseline 0.003 -18"><span class='ocrx_word' id='word_1_161' title='bbox 98 2076 193 2138; x_wconf 84' lang='lat' dir='ltr'><strong>iidem</strong></span> <span class='ocrx_word' id='word_1_162' title='bbox 215 2077 299 2136; x_wconf 85' lang='lat' dir='ltr'><strong>aliam</strong></span> <span class='ocrx_word' id='word_1_163' title='bbox 312 2076 367 2135; x_wconf 91' lang='lat' dir='ltr'><strong>sihi</strong></span> <span class='ocrx_word' id='word_1_164' title='bbox 387 2075 541 2155; x_wconf 79' lang='lat' dir='ltr'><strong>conjugem</strong></span> <span class='ocrx_word' id='word_1_165' title='bbox 560 2077 728 2145; x_wconf 84' lang='lat' dir='ltr'><strong>adsciscere.</strong></span> <span class='ocrx_word' id='word_1_166' title='bbox 746 2077 831 2138; x_wconf 76' lang='lat' dir='ltr'><strong>riteh</strong></span> <span class='ocrx_word' id='word_1_167' title='bbox 849 2079 930 2156; x_wconf 89' lang='lat' dir='ltr'><strong>ipso,</strong></span> <span class='ocrx_word' id='word_1_168' title='bbox 943 2078 1021 2156; x_wconf 81' lang='lat' dir='ltr'><strong>quiid</strong></span> <span class='ocrx_word' id='word_1_169' title='bbox 1036 2082 1111 2142; x_wconf 88' lang='lat' dir='ltr'><strong>alter</strong></span> <span class='ocrx_word' id='word_1_170' title='bbox 1146 2100 1149 2104; x_wconf 63' lang='grc'>“</span> 
     </span>
     <span class='ocr_line' id='line_1_24' title="bbox 97 2159 1110 2241; baseline 0.005 -20"><span class='ocrx_word' id='word_1_171' title='bbox 97 2162 174 2221; x_wconf 80' lang='lat' dir='ltr'><strong>vetit</strong></span> <span class='ocrx_word' id='word_1_172' title='bbox 189 2161 218 2219; x_wconf 91' lang='lat' dir='ltr'><strong>in</strong></span> <span class='ocrx_word' id='word_1_173' title='bbox 230 2159 402 2220; x_wconf 87' lang='lat' dir='ltr'><strong>iniidciitate</strong></span> <span class='ocrx_word' id='word_1_174' title='bbox 412 2172 617 2237; x_wconf 81' lang='lat' dir='ltr'><strong>perseverare,</strong></span> <span class='ocrx_word' id='word_1_175' title='bbox 630 2170 749 2241; x_wconf 81' lang='lat' dir='ltr'><strong>censent</strong></span> <span class='ocrx_word' id='word_1_176' title='bbox 761 2161 901 2240; x_wconf 79' lang='lat' dir='ltr'><strong>Tireoiugi</strong></span> <span class='ocrx_word' id='word_1_177' title='bbox 915 2163 1030 2239; x_wconf 87' lang='lat' dir='ltr'><strong>plures,</strong></span> <span class='ocrx_word' id='word_1_178' title='bbox 1040 2166 1110 2226; x_wconf 87' lang='lat' dir='ltr'><strong>sotis</strong></span> 
     </span>
     <span class='ocr_line' id='line_1_25' title="bbox 98 2238 1110 2324; baseline 0.002 -18"><span class='ocrx_word' id='word_1_179' title='bbox 98 2263 162 2306; x_wconf 87' lang='lat' dir='ltr'><strong>csse</strong></span> <span class='ocrx_word' id='word_1_180' title='bbox 182 2238 303 2324; x_wconf 87' lang='lat' dir='ltr'><strong>pericuii</strong></span> <span class='ocrx_word' id='word_1_181' title='bbox 322 2246 353 2303; x_wconf 91' lang='lat' dir='ltr'><strong>in</strong></span> <span class='ocrx_word' id='word_1_182' title='bbox 382 2241 541 2322; x_wconf 87' lang='lat' dir='ltr'><strong>neophyto.</strong></span> <span class='ocrx_word' id='word_1_183' title='bbox 569 2245 680 2305; x_wconf 77' lang='lat' dir='ltr'><strong>Verum</strong></span> <span class='ocrx_word' id='word_1_184' title='bbox 704 2245 790 2324; x_wconf 88' lang='lat' dir='ltr'><strong>hujus</strong></span> <span class='ocrx_word' id='word_1_185' title='bbox 823 2247 906 2307; x_wconf 91' lang='lat' dir='ltr'><strong>dubii</strong></span> <span class='ocrx_word' id='word_1_186' title='bbox 933 2249 1110 2308; x_wconf 84' lang='lat' dir='ltr'><strong>solutionem</strong></span> 
     </span>
     <span class='ocr_line' id='line_1_26' title="bbox 97 2327 1109 2409; baseline 0.001 -18"><span class='ocrx_word' id='word_1_187' title='bbox 97 2328 181 2391; x_wconf 72' lang='lat' dir='ltr'><strong>reete</strong></span> <span class='ocrx_word' id='word_1_188' title='bbox 202 2338 303 2389; x_wconf 83' lang='lat' dir='ltr'><strong>menet</strong></span> <span class='ocrx_word' id='word_1_189' title='bbox 326 2327 517 2389; x_wconf 78' lang='lat' dir='ltr'><strong>Cethutrutitts</strong></span> <span class='ocrx_word' id='word_1_190' title='bbox 536 2344 572 2388; x_wconf 84' lang='lat' dir='ltr'><strong>ex</strong></span> <span class='ocrx_word' id='word_1_191' title='bbox 596 2332 728 2409; x_wconf 84' lang='lat' dir='ltr'><strong>muribus</strong></span> <span class='ocrx_word' id='word_1_192' title='bbox 748 2333 903 2408; x_wconf 81' lang='lat' dir='ltr'><strong>regionum</strong></span> <span class='ocrx_word' id='word_1_193' title='bbox 930 2340 960 2390; x_wconf 90' lang='lat' dir='ltr'><strong>ct</strong></span> <span class='ocrx_word' id='word_1_194' title='bbox 990 2344 1109 2392; x_wconf 84' lang='lat' dir='ltr'><strong>casuum</strong></span> 
     </span>
     <span class='ocr_line' id='line_1_27' title="bbox 98 2413 1009 2492; baseline 0 -18"><span class='ocrx_word' id='word_1_195' title='bbox 98 2413 332 2474; x_wconf 80' lang='lat' dir='ltr'><strong>circumstantiis</strong></span> <span class='ocrx_word' id='word_1_196' title='bbox 344 2414 481 2491; x_wconf 86' lang='lat' dir='ltr'><strong>pendere.</strong></span> <span class='ocrx_word' id='word_1_197' title='bbox 498 2415 540 2472; x_wconf 83' lang='lat' dir='ltr'><strong>De</strong></span> <span class='ocrx_word' id='word_1_198' title='bbox 552 2416 624 2492; x_wconf 86' lang='lat' dir='ltr'><strong>Syn.</strong></span> <span class='ocrx_word' id='word_1_199' title='bbox 638 2414 724 2474; x_wconf 86' lang='lat' dir='ltr'><strong>dioec.</strong></span> <span class='ocrx_word' id='word_1_200' title='bbox 738 2415 761 2477; x_wconf 89' lang='grc'><strong>1.</strong></span> <span class='ocrx_word' id='word_1_201' title='bbox 775 2417 822 2473; x_wconf 73' lang='lat' dir='ltr'><strong>te.</strong></span> <span class='ocrx_word' id='word_1_202' title='bbox 834 2434 860 2473; x_wconf 88' lang='lat' dir='ltr'><strong>c.</strong></span> <span class='ocrx_word' id='word_1_203' title='bbox 872 2416 921 2474; x_wconf 61' lang='lat' dir='ltr'><strong>ii.</strong></span> <span class='ocrx_word' id='word_1_204' title='bbox 936 2433 966 2474; x_wconf 91' lang='lat' dir='ltr'><strong>n.</strong></span> <span class='ocrx_word' id='word_1_205' title='bbox 981 2419 1009 2475; x_wconf 89' lang='grc'><strong>1.</strong></span> 
     </span>
     <span class='ocr_line' id='line_1_28' title="bbox 114 2497 1106 2576; baseline -0.003 -16"><span class='ocrx_word' id='word_1_206' title='bbox 114 2497 272 2567; x_wconf 77' lang='lat' dir='ltr'><strong>¹decidit,</strong></span> <span class='ocrx_word' id='word_1_207' title='bbox 286 2504 319 2555; x_wconf 88' lang='lat' dir='ltr'><strong>ut</strong></span> <span class='ocrx_word' id='word_1_208' title='bbox 333 2498 459 2557; x_wconf 87' lang='lat' dir='ltr'><strong>initdeiis</strong></span> <span class='ocrx_word' id='word_1_209' title='bbox 481 2497 581 2574; x_wconf 78' lang='lat' dir='ltr'><strong>piures</strong></span> <span class='ocrx_word' id='word_1_210' title='bbox 601 2512 706 2555; x_wconf 80' lang='lat' dir='ltr'><strong>uxores</strong></span> <span class='ocrx_word' id='word_1_211' title='bbox 724 2498 754 2554; x_wconf 93' lang='lat' dir='ltr'><strong>in</strong></span> <span class='ocrx_word' id='word_1_212' title='bbox 774 2497 946 2556; x_wconf 83' lang='lat' dir='ltr'><strong>infideiitate</strong></span> <span class='ocrx_word' id='word_1_213' title='bbox 966 2498 1106 2576; x_wconf 85' lang='lat' dir='ltr'><strong>accipiat,</strong></span> 
     </span>
     <span class='ocr_line' id='line_1_29' title="bbox 97 2578 1109 2658; baseline 0 -17"><span class='ocrx_word' id='word_1_214' title='bbox 97 2592 164 2643; x_wconf 88' lang='lat' dir='ltr'><strong>tum</strong></span> <span class='ocrx_word' id='word_1_215' title='bbox 185 2581 284 2641; x_wconf 85' lang='lat' dir='ltr'><strong>veniat</strong></span> <span class='ocrx_word' id='word_1_216' title='bbox 301 2581 337 2640; x_wconf 88' lang='lat' dir='ltr'><strong>ad</strong></span> <span class='ocrx_word' id='word_1_217' title='bbox 360 2581 470 2652; x_wconf 84' lang='lat' dir='ltr'><strong>fidem,</strong></span> <span class='ocrx_word' id='word_1_218' title='bbox 487 2589 519 2640; x_wconf 89' lang='lat' dir='ltr'><strong>ct</strong></span> <span class='ocrx_word' id='word_1_219' title='bbox 540 2581 631 2640; x_wconf 83' lang='lat' dir='ltr'><strong>fidem</strong></span> <span class='ocrx_word' id='word_1_220' title='bbox 653 2582 764 2658; x_wconf 85' lang='lat' dir='ltr'><strong>pariter</strong></span> <span class='ocrx_word' id='word_1_221' title='bbox 779 2596 836 2637; x_wconf 84' lang='lat' dir='ltr'><strong>una</strong></span> <span class='ocrx_word' id='word_1_222' title='bbox 854 2598 891 2638; x_wconf 83' lang='lat' dir='ltr'><strong>cx</strong></span> <span class='ocrx_word' id='word_1_223' title='bbox 908 2578 954 2638; x_wconf 88' lang='lat' dir='ltr'><strong>his</strong></span> <span class='ocrx_word' id='word_1_224' title='bbox 968 2582 1109 2641; x_wconf 85' lang='lat' dir='ltr'><strong>uxoribus</strong></span> 
     </span>
     <span class='ocr_line' id='line_1_30' title="bbox 98 2665 1107 2747; baseline -0.003 -19"><span class='ocrx_word' id='word_1_225' title='bbox 98 2668 235 2747; x_wconf 77' lang='lat' dir='ltr'><strong>recipere</strong></span> <span class='ocrx_word' id='word_1_226' title='bbox 259 2667 297 2726; x_wconf 86' lang='lat' dir='ltr'><strong>sit</strong></span> <span class='ocrx_word' id='word_1_227' title='bbox 313 2674 433 2744; x_wconf 87' lang='lat' dir='ltr'><strong>parata,</strong></span> <span class='ocrx_word' id='word_1_228' title='bbox 454 2682 514 2727; x_wconf 89' lang='lat' dir='ltr'><strong>nou</strong></span> <span class='ocrx_word' id='word_1_229' title='bbox 536 2674 635 2726; x_wconf 83' lang='lat' dir='ltr'><strong>tamen</strong></span> <span class='ocrx_word' id='word_1_230' title='bbox 658 2665 729 2732; x_wconf 87' lang='lat' dir='ltr'><strong>iiia,</strong></span> <span class='ocrx_word' id='word_1_231' title='bbox 747 2678 814 2741; x_wconf 78' lang='lat' dir='ltr'><strong>quea</strong></span> <span class='ocrx_word' id='word_1_232' title='bbox 833 2666 916 2741; x_wconf 86' lang='lat' dir='ltr'><strong>prior</strong></span> <span class='ocrx_word' id='word_1_233' title='bbox 938 2665 1025 2723; x_wconf 79' lang='lat' dir='ltr'><strong>diaeta</strong></span> <span class='ocrx_word' id='word_1_234' title='bbox 1043 2674 1107 2738; x_wconf 88' lang='lat' dir='ltr'><strong>est,</strong></span> 
     </span>
     <span class='ocr_line' id='line_1_31' title="bbox 95 2747 1108 2832; baseline -0.004 -19"><span class='ocrx_word' id='word_1_235' title='bbox 95 2771 165 2832; x_wconf 81' lang='lat' dir='ltr'><strong>qtroe</strong></span> <span class='ocrx_word' id='word_1_236' title='bbox 180 2762 302 2831; x_wconf 90' lang='lat' dir='ltr'><strong>propter</strong></span> <span class='ocrx_word' id='word_1_237' title='bbox 315 2753 484 2811; x_wconf 83' lang='lat' dir='ltr'><strong>distantiam</strong></span> <span class='ocrx_word' id='word_1_238' title='bbox 501 2752 652 2819; x_wconf 88' lang='lat' dir='ltr'><strong>iocorum,</strong></span> <span class='ocrx_word' id='word_1_239' title='bbox 666 2751 712 2810; x_wconf 83' lang='lat' dir='ltr'><strong>rei</strong></span> <span class='ocrx_word' id='word_1_240' title='bbox 736 2751 899 2827; x_wconf 76' lang='lat' dir='ltr'><strong>ignorando</strong></span> <span class='ocrx_word' id='word_1_241' title='bbox 917 2747 1038 2809; x_wconf 86' lang='lat' dir='ltr'><strong>ubinam</strong></span> <span class='ocrx_word' id='word_1_242' title='bbox 1050 2752 1108 2825; x_wconf 87' lang='lat' dir='ltr'><strong>sit,</strong></span> 
     </span>
     <span class='ocr_line' id='line_1_32' title="bbox 96 2833 1109 2916; baseline -0.004 -19"><span class='ocrx_word' id='word_1_243' title='bbox 96 2838 214 2916; x_wconf 85' lang='lat' dir='ltr'><strong>requiri</strong></span> <span class='ocrx_word' id='word_1_244' title='bbox 230 2835 412 2912; x_wconf 78' lang='lat' dir='ltr'><strong>judicialiter</strong></span> <span class='ocrx_word' id='word_1_245' title='bbox 431 2853 490 2895; x_wconf 88' lang='lat' dir='ltr'><strong>nou</strong></span> <span class='ocrx_word' id='word_1_246' title='bbox 513 2837 615 2914; x_wconf 71' lang='lat' dir='ltr'><strong>possit·</strong></span> <span class='ocrx_word' id='word_1_247' title='bbox 633 2833 758 2896; x_wconf 86' lang='lat' dir='ltr'><strong>Demirm</strong></span> <span class='ocrx_word' id='word_1_248' title='bbox 780 2843 845 2913; x_wconf 88' lang='lat' dir='ltr'><strong>pust</strong></span> <span class='ocrx_word' id='word_1_249' title='bbox 858 2843 1029 2894; x_wconf 78' lang='lat' dir='ltr'><strong>renovatum</strong></span> <span class='ocrx_word' id='word_1_250' title='bbox 1043 2852 1109 2893; x_wconf 89' lang='lat' dir='ltr'><strong>cum</strong></span> 
     </span>
     <span class='ocr_line' id='line_1_33' title="bbox 95 2919 1111 2999; baseline -0.004 -17"><span class='ocrx_word' id='word_1_251' title='bbox 95 2921 147 2983; x_wconf 82' lang='lat' dir='ltr'><strong>ittt</strong></span> <span class='ocrx_word' id='word_1_252' title='bbox 161 2965 170 2991; x_wconf 95' lang='lat'><strong>,</strong></span> <span class='ocrx_word' id='word_1_253' title='bbox 188 2919 515 2999; x_wconf 67' lang='lat' dir='ltr'><strong>consenescentem,</strong></span> <span class='ocrx_word' id='word_1_254' title='bbox 529 2921 750 2980; x_wconf 85' lang='lat' dir='ltr'><strong>matrimonium</strong></span> <span class='ocrx_word' id='word_1_255' title='bbox 762 2919 851 2998; x_wconf 79' lang='lat' dir='ltr'><strong>(qumi</strong></span> <span class='ocrx_word' id='word_1_256' title='bbox 867 2920 930 2979; x_wconf 89' lang='lat' dir='ltr'><strong>iicri</strong></span> <span class='ocrx_word' id='word_1_257' title='bbox 944 2937 1003 2978; x_wconf 88' lang='lat' dir='ltr'><strong>non</strong></span> <span class='ocrx_word' id='word_1_258' title='bbox 1016 2924 1111 2996; x_wconf 87' lang='lat' dir='ltr'><strong>potest</strong></span> 
     </span>
     <span class='ocr_line' id='line_1_34' title="bbox 95 3001 1109 3083; baseline 0 -19"><span class='ocrx_word' id='word_1_259' title='bbox 95 3006 210 3083; x_wconf 80' lang='lat' dir='ltr'><strong>ahsquc</strong></span> <span class='ocrx_word' id='word_1_260' title='bbox 224 3006 415 3064; x_wconf 82' lang='lat' dir='ltr'><strong>renovatione</strong></span> <span class='ocrx_word' id='word_1_261' title='bbox 434 3005 591 3064; x_wconf 76' lang='lat' dir='ltr'><strong>consensus</strong></span> <span class='ocrx_word' id='word_1_262' title='bbox 608 3022 706 3063; x_wconf 89' lang='lat' dir='ltr'><strong>eoram</strong></span> <span class='ocrx_word' id='word_1_263' title='bbox 729 3004 856 3082; x_wconf 83' lang='lat' dir='ltr'><strong>parocho</strong></span> <span class='ocrx_word' id='word_1_264' title='bbox 869 3015 899 3064; x_wconf 88' lang='lat' dir='ltr'><strong>et</strong></span> <span class='ocrx_word' id='word_1_265' title='bbox 919 3004 1059 3073; x_wconf 84' lang='lat' dir='ltr'><strong>testibus,</strong></span> <span class='ocrx_word' id='word_1_266' title='bbox 1074 3001 1109 3064; x_wconf 86' lang='lat' dir='ltr'><strong>ed</strong></span> 
     </span>
     <span class='ocr_line' id='line_1_35' title="bbox 93 3082 1110 3168; baseline 0 -20"><span class='ocrx_word' id='word_1_267' title='bbox 93 3088 180 3168; x_wconf 83' lang='lat' dir='ltr'><strong>qudd</strong></span> <span class='ocrx_word' id='word_1_268' title='bbox 194 3089 278 3167; x_wconf 91' lang='lat' dir='ltr'><strong>prior</strong></span> <span class='ocrx_word' id='word_1_269' title='bbox 296 3106 454 3147; x_wconf 87' lang='lat' dir='ltr'><strong>consensus</strong></span> <span class='ocrx_word' id='word_1_270' title='bbox 469 3087 500 3147; x_wconf 87' lang='lat' dir='ltr'><strong>in</strong></span> <span class='ocrx_word' id='word_1_271' title='bbox 520 3088 695 3148; x_wconf 86' lang='lat' dir='ltr'><strong>infidetitote</strong></span> <span class='ocrx_word' id='word_1_272' title='bbox 711 3082 797 3148; x_wconf 86' lang='lat' dir='ltr'><strong>datus</strong></span> <span class='ocrx_word' id='word_1_273' title='bbox 818 3089 919 3149; x_wconf 84' lang='lat' dir='ltr'><strong>suisset</strong></span> <span class='ocrx_word' id='word_1_274' title='bbox 931 3086 1030 3147; x_wconf 88' lang='lat' dir='ltr'><strong>nulius</strong></span> <span class='ocrx_word' id='word_1_275' title='bbox 1041 3104 1110 3166; x_wconf 87' lang='lat' dir='ltr'><strong>pro·</strong></span> 
     </span>
     <span class='ocr_line' id='line_1_36' title="bbox 93 3171 1111 3253; baseline 0.001 -20"><span class='ocrx_word' id='word_1_276' title='bbox 93 3185 165 3253; x_wconf 87' lang='lat' dir='ltr'><strong>pter</strong></span> <span class='ocrx_word' id='word_1_277' title='bbox 180 3172 404 3232; x_wconf 79' lang='lat' dir='ltr'><strong>matrimonium</strong></span> <span class='ocrx_word' id='word_1_278' title='bbox 425 3171 508 3249; x_wconf 82' lang='lat' dir='ltr'><strong>priris</strong></span> <span class='ocrx_word' id='word_1_279' title='bbox 530 3188 597 3233; x_wconf 85' lang='lat' dir='ltr'><strong>cuna</strong></span> <span class='ocrx_word' id='word_1_280' title='bbox 615 3175 706 3233; x_wconf 73' lang='lat' dir='ltr'><strong>attera</strong></span> <span class='ocrx_word' id='word_1_281' title='bbox 728 3173 938 3253; x_wconf 86' lang='lat' dir='ltr'><strong>celebratum),</strong></span> <span class='ocrx_word' id='word_1_282' title='bbox 961 3180 1111 3252; x_wconf 76' lang='lat' dir='ltr'><strong>consparet</strong></span> 
     </span>
     <span class='ocr_line' id='line_1_37' title="bbox 92 3257 1110 3336; baseline 0.001 -18"><span class='ocrx_word' id='word_1_283' title='bbox 92 3275 175 3318; x_wconf 83' lang='lat' dir='ltr'><strong>uxor</strong></span> <span class='ocrx_word' id='word_1_284' title='bbox 191 3257 293 3334; x_wconf 86' lang='lat' dir='ltr'><strong>prior,</strong></span> <span class='ocrx_word' id='word_1_285' title='bbox 307 3265 338 3315; x_wconf 89' lang='lat' dir='ltr'><strong>ct</strong></span> <span class='ocrx_word' id='word_1_286' title='bbox 357 3257 481 3335; x_wconf 88' lang='lat' dir='ltr'><strong>probat,</strong></span> <span class='ocrx_word' id='word_1_287' title='bbox 495 3275 526 3318; x_wconf 87' lang='lat' dir='ltr'><strong>sc</strong></span> <span class='ocrx_word' id='word_1_288' title='bbox 546 3275 605 3318; x_wconf 90' lang='lat' dir='ltr'><strong>non</strong></span> <span class='ocrx_word' id='word_1_289' title='bbox 624 3258 713 3317; x_wconf 83' lang='lat' dir='ltr'><strong>fuisse</strong></span> <span class='ocrx_word' id='word_1_290' title='bbox 733 3257 1110 3336; x_wconf 72' lang='lat' dir='ltr'><strong>prementum,vcttuissc</strong></span> 
     </span>
     <span class='ocr_line' id='line_1_38' title="bbox 91 3341 1110 3420; baseline 0.001 -17"><span class='ocrx_word' id='word_1_291' title='bbox 91 3341 291 3420; x_wconf 85' lang='lat' dir='ltr'><strong>impeditam,</strong></span> <span class='ocrx_word' id='word_1_292' title='bbox 317 3351 352 3400; x_wconf 90' lang='lat' dir='ltr'><strong>ut</strong></span> <span class='ocrx_word' id='word_1_293' title='bbox 373 3360 457 3401; x_wconf 84' lang='lat' dir='ltr'><strong>suem</strong></span> <span class='ocrx_word' id='word_1_294' title='bbox 484 3343 668 3402; x_wconf 79' lang='lat' dir='ltr'><strong>voluntatem</strong></span> <span class='ocrx_word' id='word_1_295' title='bbox 696 3343 915 3412; x_wconf 73' lang='lat' dir='ltr'><strong>manifestaret,</strong></span> <span class='ocrx_word' id='word_1_296' title='bbox 939 3360 1018 3404; x_wconf 88' lang='lat' dir='ltr'><strong>nunc</strong></span> <span class='ocrx_word' id='word_1_297' title='bbox 1039 3343 1110 3404; x_wconf 79' lang='lat' dir='ltr'><strong>terh</strong></span> 
     </span>
     <span class='ocr_line' id='line_1_39' title="bbox 90 3426 1111 3506; baseline 0.003 -21"><span class='ocrx_word' id='word_1_298' title='bbox 90 3433 232 3506; x_wconf 81' lang='lat' dir='ltr'><strong>puratum</strong></span> <span class='ocrx_word' id='word_1_299' title='bbox 254 3442 286 3485; x_wconf 84' lang='lat' dir='ltr'><strong>se</strong></span> <span class='ocrx_word' id='word_1_300' title='bbox 310 3426 384 3486; x_wconf 89' lang='lat' dir='ltr'><strong>dicit</strong></span> <span class='ocrx_word' id='word_1_301' title='bbox 406 3427 443 3486; x_wconf 89' lang='lat' dir='ltr'><strong>ad</strong></span> <span class='ocrx_word' id='word_1_302' title='bbox 471 3427 561 3486; x_wconf 88' lang='lat' dir='ltr'><strong>iidem</strong></span> <span class='ocrx_word' id='word_1_303' title='bbox 588 3427 841 3504; x_wconf 83' lang='lat' dir='ltr'><strong>amplectendam,</strong></span> <span class='ocrx_word' id='word_1_304' title='bbox 866 3429 912 3487; x_wconf 82' lang='lat' dir='ltr'><strong>rel</strong></span> <span class='ocrx_word' id='word_1_305' title='bbox 937 3426 999 3505; x_wconf 85' lang='lat' dir='ltr'><strong>jam</strong></span> <span class='ocrx_word' id='word_1_306' title='bbox 1022 3429 1111 3488; x_wconf 82' lang='lat' dir='ltr'><strong>inisse</strong></span> 
     </span>
     <span class='ocr_line' id='line_1_40' title="bbox 90 3509 1110 3590; baseline 0 -19"><span class='ocrx_word' id='word_1_307' title='bbox 90 3510 265 3589; x_wconf 82' lang='lat' dir='ltr'><strong>amplexum</strong></span> <span class='ocrx_word' id='word_1_308' title='bbox 277 3519 436 3589; x_wconf 87' lang='lat' dir='ltr'><strong>antequam</strong></span> <span class='ocrx_word' id='word_1_309' title='bbox 448 3509 618 3589; x_wconf 79' lang='lat' dir='ltr'><strong>conjugium</strong></span> <span class='ocrx_word' id='word_1_310' title='bbox 631 3510 772 3587; x_wconf 91' lang='lat' dir='ltr'><strong>neophyti</strong></span> <span class='ocrx_word' id='word_1_311' title='bbox 788 3529 855 3570; x_wconf 94' lang='lat' dir='ltr'><strong>cum</strong></span> <span class='ocrx_word' id='word_1_312' title='bbox 870 3511 1019 3590; x_wconf 79' lang='lat' dir='ltr'><strong>neophyti</strong></span> <span class='ocrx_word' id='word_1_313' title='bbox 1035 3513 1110 3590; x_wconf 87' lang='lat' dir='ltr'><strong>rele-</strong></span> 
     </span>
     <span class='ocr_line' id='line_1_41' title="bbox 91 3592 1110 3661; baseline 0 -6"><span class='ocrx_word' id='word_1_314' title='bbox 91 3596 251 3655; x_wconf 85' lang='lat' dir='ltr'><strong>hraretur.</strong></span> <span class='ocrx_word' id='word_1_315' title='bbox 265 3595 307 3661; x_wconf 78' lang='lat' dir='ltr'><strong>iu.</strong></span> <span class='ocrx_word' id='word_1_316' title='bbox 320 3592 377 3656; x_wconf 87' lang='lat' dir='ltr'><strong>hoc</strong></span> <span class='ocrx_word' id='word_1_317' title='bbox 398 3612 498 3655; x_wconf 87' lang='lat' dir='ltr'><strong>rerum</strong></span> <span class='ocrx_word' id='word_1_318' title='bbox 513 3603 621 3656; x_wconf 79' lang='lat' dir='ltr'><strong>eventu</strong></span> <span class='ocrx_word' id='word_1_319' title='bbox 642 3596 675 3654; x_wconf 75' lang='lat'><strong>8.</strong></span> <span class='ocrx_word' id='word_1_320' title='bbox 691 3593 767 3656; x_wconf 78' lang='lat' dir='ltr'><strong>Pius</strong></span> <span class='ocrx_word' id='word_1_321' title='bbox 788 3595 824 3654; x_wconf 73' lang='lat' dir='ltr'><strong>V·</strong></span> <span class='ocrx_word' id='word_1_322' title='bbox 841 3597 981 3656; x_wconf 81' lang='lat' dir='ltr'><strong>concessit</strong></span> <span class='ocrx_word' id='word_1_323' title='bbox 997 3597 1110 3655; x_wconf 86' lang='lat' dir='ltr'><strong>missio·</strong></span> 
     </span>
    </p>
   </div>
   <div class='ocr_carea' id='block_1_2' title="bbox 0 0 1326 4167">
    <p class='ocr_par' dir='ltr' id='par_1_5' title="bbox 0 0 1326 4167">
     <span class='ocr_line' id='line_1_42' title="bbox 0 0 1326 4167; baseline 0 4"><span class='ocrx_word' id='word_1_324' title='bbox 0 0 1326 4167; x_wconf 95' lang='lat' dir='ltr'><strong> </strong></span> 
     </span>
    </p>
   </div>
  </div>
 </body>
</html>
