2642 4167
182 181 240 242 455
374 177 660 261 Epitamsdoctainoe
672 176 989 242 nonamdecimam

180 280 377 343 confessiones
393 281 577 343 saecularium
595 281 658 342 sine
679 281 788 360 pretii
812 282 946 359 Episcopi
970 281 1183 362 approbatione

181 374 214 426 nt
232 382 269 426 cx
285 366 403 426 constit.
419 368 468 427 fo.
481 362 572 427 Clean.
589 366 632 427 X.
646 367 719 425 ltem
735 383 796 426 non
816 374 940 443 possunt
953 365 1119 429 ineensnlto
1132 413 1142 441 ‚
1154 381 1187 432 et

180 465 239 509 non
258 448 439 528 approbante
455 448 596 529 Episcopo
614 449 719 510 audire
737 450 929 510 confessiones
948 452 1125 514 monialium
1136 456 1183 517 sui

181 530 293 594 ordinis
306 533 395 594 etiem
413 541 614 611 exemptarum
629 551 667 594 ex
685 534 716 596 vi
732 533 808 594 buil.
823 535 871 594 te.
888 534 975 614 Grep.
992 536 1066 598 XV.

220 616 377 695 Regulares
393 635 467 677 nova
485 616 678 685 monasteria,
701 635 753 677 seu
766 616 871 677 domos
889 635 926 676 ne
945 619 1061 696 erigant
1081 630 1185 686 venn-

181 706 249 768 tur,
264 700 373 779 ubsque
387 700 470 761 Sedis
487 700 651 779 apostolicus
670 707 701 760 et
717 701 851 779 Episcopi
870 699 1027 774 facultate,
1049 709 1185 784 quamvis

181 783 389 846 Tridentinum
403 802 472 845 sess.
486 787 537 845 95.
556 803 619 862 cap.
637 787 667 872 ⁵.-
681 783 716 847 de
734 781 827 865 repul.
842 783 932 843 solius
946 786 1077 867 Episcopi
1091 791 1185 851 fucul-

182 876 270 927 tatem
283 869 432 947 exprimit.
446 871 490 929 De
504 870 578 947 Syn.
591 870 678 929 dioee.
692 869 713 929 Ι.
725 870 755 927 9.
766 888 793 928 o.
808 870 837 929 l.
849 887 881 927 ιι.
896 870 927 927 9.

221 951 272 1011 Est
284 960 383 1012 tamen
404 971 458 1031 pro
473 951 652 1015 monialibus
669 953 701 1013 in
721 950 832 1012 ditione
845 952 991 1028 llispaniei
1002 955 1079 1034 regis
1093 958 1187 1020 Breve

187 1032 300 1096 Urbani
319 1037 409 1097 VIII.
420 1037 625 1115 suspensivum
647 1035 779 1112 ejusdem
800 1036 1035 1109 constitutionis,
1052 1041 1104 1100 sed
1124 1061 1186 1103 non

181 1118 259 1178 ualet
274 1128 355 1180 extre
369 1121 551 1199 llispnniem.
566 1121 608 1180 De
620 1120 695 1199 Syn.
708 1119 794 1180 dioee.
807 1120 830 1178 l.
843 1121 871 1178 9.
886 1137 914 1179 e.
930 1122 978 1180 lb.
995 1139 1026 1181 n.
1037 1124 1067 1183 9.

219 1203 264 1264 sd
281 1210 390 1265 statum
409 1205 575 1282 rcgulsrem
596 1205 722 1264 transire
741 1212 862 1281 possunt
880 1204 1042 1283 presbyteri
1054 1210 1189 1271 Ecclesioe

182 1286 230 1348 vel
245 1287 376 1349 dioecesis
393 1288 515 1349 servitio
531 1287 659 1357 addicti,
673 1288 768 1349 invito
783 1287 871 1347 eliam
886 1289 1027 1366 Episcopo
1044 1294 1188 1370 proprio,

182 1379 323 1432 tenentur
346 1369 475 1443 tamen,
492 1372 548 1432 nisi
570 1372 684 1449 aliquid
704 1371 819 1446 obstet,
840 1371 925 1430 illum
955 1376 1119 1436 consulere.
1142 1378 1187 1438 lte

184 1455 218 1519 in
236 1457 365 1534 Epicteti
378 1457 415 1516 sd
430 1457 518 1517 carrd.
534 1455 712 1532 Quirinum,
726 1456 777 1514 Ex
795 1471 854 1534 qun
867 1453 999 1516 dilectus.

222 1540 381 1621 llegnlares
400 1548 482 1601 extra
501 1541 715 1601 monasterium
735 1538 890 1618 degentes,
905 1550 935 1599 ct
957 1541 1079 1603 elericos
1099 1560 1189 1623 regu·

183 1624 260 1686 lares
278 1624 554 1704 quomodocumque
574 1632 726 1703 exemptos
747 1625 779 1683 in
799 1623 936 1684 civilibus
959 1627 1053 1686 musis
1076 1645 1191 1688 mecoe-

183 1709 278 1781 dum,
301 1718 333 1771 et
352 1711 565 1772 miserabilium
591 1706 804 1791 personarum,
827 1710 884 1768 nisi
907 1707 1034 1770 habeant
1057 1711 1190 1787 indicens

184 1791 330 1855 eertumi
351 1796 382 1854 S.
393 1796 552 1875 apostolici
567 1796 599 1855 in
615 1794 750 1875 partibus
768 1792 957 1872 deputatum,
981 1813 1080 1856 eoram
1101 1795 1192 1855 Ocdi·

184 1878 276 1939 nariis
296 1877 430 1939 locorum
454 1879 604 1940 eonscniri
627 1896 711 1956 posse
733 1878 765 1938 in
784 1878 881 1956 primi
903 1877 1040 1939 instantii
1058 1877 1192 1940 decernit

185 1961 319 2022 Pontifex
338 1962 370 2023 in
383 1963 463 2027 bulld
480 1961 527 2025 Ad
540 1959 711 2024 militantis.
748 1988 750 1992 ¹

503 2133 714 2195 nostrvm
733 2131 860 2193 CASUS.

223 2306 267 2368 sd
286 2306 382 2366 solum
402 2306 567 2366 Romanum
580 2300 773 2373 Pontificem,
787 2302 943 2381 Episcopus
954 2311 984 2364 et
1001 2305 1193 2382 prelatnsin·

184 2388 304 2451 ferioccs
317 2388 457 2450 babentes
468 2386 706 2466 jurisdictionem
725 2385 808 2463 quusi
826 2386 1020 2466 episcopalem
1040 2407 1109 2449 eum
1129 2399 1192 2450 tec·

185 2475 290 2536 ritorin
311 2482 445 2552 saporato
472 2475 602 2553 pertinet
625 2490 748 2533 castrum
779 2474 964 2551 sesecundo,
989 2491 1025 2534 ex
1054 2474 1192 2536 doetrind

181 2559 271 2620 Cone.
286 2557 370 2620 Trid.
389 2568 420 2620 et
434 2556 629 2621 decisionibus
650 2560 683 2618 S.
696 2559 805 2638 Congr.
827 2558 870 2619 De
891 2560 963 2639 Syn.
985 2558 1190 2621 nicetius.

183 2659 246 2721 cap.
261 2645 291 2704 5.
317 2661 350 2703 n.
364 2646 395 2704 2.

221 2728 406 2806 Quemquam
428 2727 588 2789 reservatio
607 2726 674 2788 fieri
692 2735 788 2807 potest
806 2735 888 2787 extra
903 2726 1075 2805 synodum,
1096 2730 1192 2790 mttlta

185 2823 284 2873 tamen
309 2813 450 2885 suadent,
466 2822 499 2872 ut
520 2810 618 2890 potiris
637 2814 669 2873 in
689 2810 809 2892 Synodo
821 2810 891 2886 frat3
911 2809 978 2872 idcb
999 2814 1192 2889 presertim,

186 2899 254 2975 quiin
279 2915 338 2959 non
352 2896 460 2958 desunt
479 2895 607 2976 theologi
630 2914 698 2956 cum
718 2891 880 2975 reemptio
899 2897 1142 2974 tenentes‚leges
1154 2895 1194 2958 ab

184 2984 326 3062 Episcopo
339 2982 410 3042 latas
425 2989 510 3041 extro
527 2979 696 3060 synodum,
709 2997 745 3040 co
761 2991 909 3052 cessante,
926 2998 1058 3049 cessam,
1076 2978 1145 3040 eirm
1157 2998 1193 3040 ea

185 3064 406 3133 tantummodo,
424 3067 534 3145 quein
552 3065 672 3144 Synndo
682 3066 758 3126 liunt
771 3064 807 3125 nb
817 3065 974 3144 Episcopo,
988 3064 1059 3144 legis
1071 3063 1193 3143 plenam
1290 3085 1291 3088 ¹

175 3151 387 3211 ‘atuctocitatem
398 3149 561 3211 obtineant.
571 3149 648 3211 lbid.
666 3168 697 3211 ιι.
712 3150 741 3210 5.

196 3244 199 3251 “
223 3236 312 3296 dctus
330 3233 411 3295 meni
425 3235 577 3304 internos,
593 3252 647 3295 nee
665 3252 798 3297 stemnius
815 3233 965 3301 Pontifex,
986 3252 1041 3296 nee
1056 3232 1192 3314 Episeopi
1289 3289 1290 3300 ,

187 3319 377 3380 reservandos
396 3317 451 3378 sibi
469 3336 609 3397 umquem
624 3328 810 3379 censuerunt.
822 3318 897 3381 lbid.
913 3338 939 3378 e.
955 3320 985 3379 5.
1003 3337 1036 3377 ιι.
1049 3320 1079 3378 5.
1101 3328 1103 3335 ’

223 3404 380 3481 Regulares
395 3420 454 3463 non
472 3401 567 3465 solbm
587 3420 737 3463 reservare
756 3401 952 3481 prohibentur
972 3403 1028 3464 alia
1044 3402 1192 3476 erimina,

185 3482 271 3556 anim
285 3503 350 3561 quas
363 3487 394 3544 in
414 3485 531 3546 decreto
549 3484 636 3545 Clern.
656 3488 746 3547 vm.
760 3485 960 3552 deliniuntur,
975 3486 1026 3546 sed
1047 3504 1103 3547 1¹00
1123 3504 1192 3564 pos·
1287 3548 1289 3557 ,

187 3573 256 3620 sunt
272 3567 327 3625 alia
342 3567 379 3626 ob
406 3567 453 3627 his
469 3570 583 3632 dii-casa
607 3572 730 3633 crimina
753 3570 865 3649 illigare
884 3572 1005 3633 cecrsua‘d
1023 3564 1190 3646 rues-sau,
1287 3562 1289 3627 i
