2642 4167
188 241 247 304 Sit)
376 240 512 323 Epitonrc
525 238 666 302 doctrinar
680 238 801 302 naor-atta
813 249 842 302 ct
853 259 1000 303 canonum

186 342 279 401 nister
294 341 472 401 ordinarius.
486 341 545 402 atii
558 342 582 400 si
596 342 625 401 icl
641 343 769 402 audeant
782 343 893 419 absque
912 340 1030 419 parochi
1043 341 1190 413 facultate,
1217 349 1220 355 '

185 433 288 484 contra
306 433 449 485 statutum
475 425 505 485 in
528 424 709 487 catechismo
735 426 868 486 Romano
894 434 1024 503 peccant.
1049 425 1190 496 Quinimo

185 508 323 585 Religiosi
342 518 483 587 aegrotum
500 518 664 586 ungentes,
681 506 834 568 minimeia
849 507 975 586 parocho
986 508 1077 585 potiti
1092 509 1188 581 voum,

185 595 398 671 praetcrgravis
414 594 632 673 cuipoercatum
650 595 682 653 iu
701 595 1033 654 excommunicationem
1056 594 1190 654 incidunt

187 679 355 754 apostolicae
369 677 436 737 Sedi
458 686 647 749 reservatam,
665 679 695 737 iu
718 677 901 737 clementina
912 680 936 736 t.
951 677 989 735 dc
1008 678 1190 754 privilegiis;

185 762 304 822 excluso
318 770 417 822 tamen
437 761 618 820 necessitatis
633 761 778 830 articulo,
796 761 828 819 iu
841 777 901 837 quo
914 766 1011 820 actum
1030 759 1190 832 charitatis,

186 861 247 905 non
263 845 443 904 auctoritatis
459 845 583 904 abusum
606 854 754 904 exercent.
775 844 842 902 Hac
858 843 935 903 dicta
954 845 1013 903 sint
1028 844 1066 903 de
1082 846 1191 905 Latinis

185 929 400 999 sacerdotibus,
425 928 493 988 cum
515 928 553 988 de
575 929 682 988 Graecis
696 929 751 987 alia
774 928 812 988 sit
826 930 922 988 ratio:
938 946 1007 988 nam
1028 930 1108 1007 apud
1121 930 1189 991 istos

186 1031 250 1073 tuus
261 1024 304 1074 cst
317 1058 326 1085 ‚
341 1032 394 1074 acc
413 1013 429 1072 a
444 1014 584 1073 Romanis
606 1012 796 1074 Pontificibus
810 1013 1012 1090 improbatus,
1031 1024 1066 1074 ut
1087 1015 1119 1076 iu
1136 1014 1189 1078 hoc

186 1098 373 1158 Sacramenta
391 1097 570 1158 cunicrendo
595 1109 708 1176 septem
725 1096 909 1170 sacerdotes,
931 1096 978 1158 vel
1002 1099 1107 1160 saltem
1133 1107 1189 1161 tres

187 1179 294 1256 parasti)
313 1182 383 1240 sint.
405 1180 481 1241 lbid.
498 1183 572 1241 1ιὸ.

227 1264 468 1343 Ungunturvcro
488 1264 589 1325 fideles
604 1263 653 1323 taii
680 1265 785 1325 morbo
805 1265 992 1332 laborantes.
1012 1265 1093 1327 uudc
1113 1268 1190 1347 peri·

186 1357 286 1408 torum
300 1347 413 1425 judicio
437 1367 518 1409 mors
540 1347 675 1427 proxime
695 1358 829 1408 secutura
848 1348 1007 1427 prudenter
1026 1351 1167 1410 timeatur
1179 1372 1197 1428 ς·

187 1449 279 1509 quare
296 1432 501 1512 denegandum
514 1441 557 1492 cst
575 1433 631 1503 iis,
648 1433 757 1508 quibus
769 1443 884 1492 certum
900 1432 981 1491 adest
996 1433 1064 1493 rita
1077 1435 1190 1512 pericu·

187 1515 272 1585 lum,
298 1515 369 1594 puta
391 1534 473 1576 mare
499 1517 747 1594 transgressuris,
765 1517 902 1594 praelium
922 1517 1062 1589 inituris,
1087 1518 1189 1577 ultimo

187 1598 332 1677 supplicio
345 1599 522 1676 afficiendis3
540 1597 606 1659 crim
628 1596 684 1657 hoc
708 1599 766 1659 iiiis
782 1600 857 1659 desit
871 1643 879 1671 ‚
895 1599 976 1677 quod
996 1601 1102 1661 morbo
1115 1601 1190 1679 peri·

187 1683 286 1742 culoso
298 1684 442 1744 laborent.
458 1685 519 1743 Huc
537 1682 609 1743 vero
629 1682 725 1742 morbi
747 1685 844 1760 gravis
857 1683 1021 1760 periculum
1033 1685 1073 1742 ita
1095 1703 1192 1744 neccs-

188 1767 298 1827 sarium
318 1777 383 1839 est,
402 1777 434 1826 ot
448 1769 526 1826 sanis
548 1767 687 1826 collatum
701 1769 920 1826 Sacramentum
939 1769 986 1827 vel
1004 1770 1189 1841 annonast,

187 1851 234 1909 sci
261 1852 407 1911 illicitum.
425 1853 528 1929 Neque
551 1860 636 1928 urgct
663 1852 831 1911 Graecorum
857 1851 1036 1911 consuetudo
1061 1854 1190 1932 ungendi

187 1932 263 1994 bene
277 1936 425 2009 valentes3
444 1952 512 1993 nam
530 1932 602 1994 stad
620 1945 708 2012 agant
720 1937 799 2005 rati,
821 1954 852 1995 se
868 1938 999 1996 conferre
1023 1954 1129 1997 verum
1142 1940 1190 1998 Sa·

188 2028 370 2080 uramentum
385 2063 394 2092 ‚
411 2019 580 2097 increpandi
607 2023 715 2079 acriter
736 2029 822 2091 sunt,
846 2031 875 2081 et
897 2020 1095 2100 prohibendi3
1119 2023 1190 2083 sicut

188 2109 260 2161 tunc
280 2106 369 2164 etiam
394 2101 484 2168 ciana,
504 2112 538 2161 ut
560 2105 639 2182 apud
657 2107 723 2164 iilos
743 2105 894 2166 interdum
911 2106 970 2176 fit,
992 2107 1057 2166 locu
1084 2108 1191 2167 satisfa-

188 2188 294 2247 rtionis
317 2205 371 2265 per
395 2187 584 2246 confessarios
609 2189 813 2268 imponenda,
834 2191 1009 2269 poeuitcntes
1032 2192 1188 2269 inungunt.

189 2272 341 2349 ibitcap.
356 2273 386 2331 t.
1163 2308 1167 2311 -

228 2355 447 2417 Providcndum
469 2364 626 2417 esttamen
644 2359 661 2419 is
679 2357 825 2437 parocho,
844 2377 882 2417 ne
897 2360 927 2418 in
938 2357 994 2417 hoc
1006 2361 1191 2420 Sacramenta

188 2440 419 2500 administrando
429 2460 601 2521 supremum
612 2445 681 2503 vitac
694 2444 850 2502 articulum
868 2453 1000 2522 expectet
1012 2464 1021 2519 3
1031 2444 1083 2504 scd
1098 2454 1193 2503 matu-

188 2522 252 2586 riais
267 2525 297 2584 id
311 2532 393 2604 ngat,
415 2525 483 2585 cium
504 2545 581 2605 osgar
606 2528 739 2587 nondum
758 2528 890 2587 sensibus
904 2528 1060 2586 destitutus
1075 2571 1084 2596 ,
1099 2526 1192 2605 preci·
1243 2557 1246 2565 ⁴

189 2610 244 2670 bus
257 2610 414 2691 sacerdotis
428 2628 494 2669 suas
513 2612 601 2671 etiam
618 2610 779 2688 adjungere
802 2612 891 2671 vaict.
905 2611 1126 2671 Providcndum
1149 2611 1190 2671 iili

119 2690 125 2701 ’
188 2701 233 2753 cst
247 2694 354 2761 catam,
369 2714 406 2753 ne
424 2694 479 2755 huc
490 2697 709 2755 Sacramentum
721 2739 730 2769 ‚
744 2714 921 2774 quamquam
939 2714 998 2755 non
1013 2706 1056 2756 cst
1068 2695 1107 2755 de
1118 2714 1189 2774 prac-

188 2779 473 2855 ccpto,petcntibus
496 2779 641 2857 deneget3
659 2779 690 2838 id
711 2782 834 2840 enimsi
854 2781 901 2839 sei
918 2781 961 2839 iiii
982 2788 1122 2855 negaret,
1146 2779 1190 2839 vel

189 2855 257 2921 uon'
271 2860 412 2930 offerret,
432 2881 552 2938 gravem
568 2864 684 2940 culpam
703 2863 911 2922 eomnrittcrct.
925 2864 1003 2935 Quin
1020 2881 1074 2922 uec
1087 2862 1192 2924 desunt

188 2947 304 3024 plures,
326 2947 376 3022 qui
395 2947 573 3022 opinentur,
590 2954 735 3023 aegrotum
756 2958 911 3020 crepantem
933 2948 1064 3023 recipcre
1081 2965 1191 3007 sacram

188 3030 378 3099 unctionem,
393 3048 478 3088 rcum
502 3027 603 3090 haberi
619 3029 734 3089 lethalis
758 3031 851 3108 culpae
865 3074 874 3100 ‚
887 3029 955 3111 cum
973 3049 1008 3089 ex
1021 3039 1190 3107 contemptu

187 3114 366 3173 Sacramenti
382 3114 412 3172 id
426 3131 551 3173 renuere
565 3112 672 3173 meritis
684 3116 795 3174 censeri
812 3115 913 3193 possit.
927 3114 1003 3174 ibid.
1020 3134 1045 3173 c.
1058 3115 1088 3174 7.

227 3201 329 3260 Pueris
345 3208 413 3258 ante
433 3216 518 3258 usum
542 3199 665 3257 rationis
685 3217 720 3258 er
739 3201 881 3276 perpetui
903 3199 1037 3258 Ecclesiae
1060 3198 1191 3263 doctrini

190 3304 250 3345 non
275 3284 382 3360 datur,
404 3301 601 3361 quamquam,
620 3292 655 3341 ut
674 3283 705 3342 id
732 3281 899 3353 licitatio,
921 3292 990 3341 actas
1015 3282 1066 3341 itta
1079 3282 1192 3344 firruiur

189 3368 366 3446 expectanda
380 3386 440 3426 nun
456 3376 519 3437 est,
533 3366 591 3443 qua
603 3367 781 3427 Sacramenti
800 3367 979 3445 poenitcntiaa
996 3384 1114 3443 capaces
1126 3385 1192 3427 cen·
1270 3379 1272 3386 ’

188 3461 301 3510 sontur.
330 3454 432 3510 Pueris
451 3451 620 3510 ncccnscudi
643 3461 713 3511 sunt
732 3452 821 3511 ctiam
844 3449 987 3529 perpetui
1009 3458 1140 3509 amentes
1164 3459 1191 3511 et
1271 3464 1272 3523 t

189 3533 312 3603 furiosi,
332 3535 444 3611 quibus
454 3543 590 3594 constans
606 3535 663 3593 suit
682 3554 736 3614 por
752 3544 843 3595 tutam
863 3536 952 3593 vitam
973 3534 1110 3593 amentia.
1122 3536 1192 3593 Con·

189 3619 268 3670 stans
281 3656 289 3683 ‚
302 3615 443 3694 inquam,
457 3618 563 3678 namsi
586 3617 680 3678 adulti
695 3637 781 3680 usum
803 3619 926 3679 rationis
944 3616 1101 3695 aliquando
1118 3617 1192 3678 ouu-
