2642 4167
181 161 239 234 38⁶
394 158 1004 258 Epitomedoctrine·attotalb'etcaaonicoe

181 275 274 347 dem,
298 295 358 338 noa
378 276 450 341 cert
474 280 649 340 sacrificium
671 282 858 359 conlacerct3
878 283 988 345 deesset
1011 285 1092 348 caim
1114 297 1185 352 tane

178 358 300 437 mystica
318 362 446 423 victimae
464 364 608 424 mactatio.
630 364 705 425 lbld.
729 384 760 424 n.
782 366 832 428 tt.

215 442 352 506 Sacerdos
371 445 460 506 verba
478 448 701 509 consecrationis
728 450 879 526 proterens
901 452 992 530 saper
1013 468 1122 530 panem
1150 464 1182 518 ct

178 524 301 600 alnam,
321 529 372 590 sed
391 536 471 590 extra
490 533 606 590 missam
622 576 631 600 ,
647 531 743 604 aalide
761 533 879 611 quidem
896 578 906 606 ,
922 533 973 594 sed
995 533 1098 597 illicite
1111 542 1182 600 con&

177 618 269 668 sccrat
283 655 291 678 ,
307 630 375 674 nam
400 623 459 674 lota
484 616 529 674 vis
552 616 776 675 consecrationis
796 616 827 676 in
854 617 952 679 verbis
974 617 1084 680 cariat
1107 628 1177 682 cod·

176 692 261 753 sistit.
278 696 321 756 De
338 699 434 758 saecli.
458 700 537 758 miss.
563 698 583 758 Ι.
602 700 631 758 ὅ.
647 716 712 776 cap.
733 701 782 759 ll.
801 716 832 760 n.
851 702 898 762 ll.

215 777 249 837 ln
273 780 367 841 forma
391 780 616 842 consecrationis
640 782 768 843 delectus
790 784 920 845 accidere
947 793 1096 864 possunt,
1127 789 1178 867 qui

177 859 354 937 invalidam,
372 877 402 928 et
417 868 567 937 delectos,
586 862 636 945 qui
653 867 785 927 illicitam
801 867 918 930 tanttim
938 870 1018 931 illam
1041 872 1176 933 reddant.

177 944 309 1009 illicitam
322 950 421 1022 dicos,
443 952 466 1012 si
486 953 640 1012 omittatur
652 968 709 1010 ron
728 954 805 1011 enim
816 995 826 1023 ‚
839 962 869 1012 ct
886 954 1010 1013 verbam
1030 963 1084 1014 eet.
1101 959 1175 1018 ltcm

173 1033 198 1093 si
210 1034 274 1094 loco
287 1037 366 1095 vocis
387 1032 439 1097 lace
458 1035 573 1095 dicator
593 1033 684 1095 iatod.
703 1036 869 1096 invalidum
892 1038 916 1098 si
933 1054 988 1117 pro
1000 1036 1053 1098 boe
1064 1040 1175 1100 substi-

175 1124 274 1176 tuatur
288 1115 366 1179 tttsd
377 1163 385 1190 ,
398 1121 444 1180 rel
458 1116 505 1179 tto
515 1133 571 1196 pro
584 1119 722 1178 adverbio
739 1129 902 1198 sumptam·
918 1120 1048 1182 Mbium
1059 1133 1122 1193 ast,
1135 1136 1174 1186 aa

176 1192 301 1254 invalida
318 1196 357 1255 sit
375 1197 552 1256 consecratio
570 1195 687 1264 calicis,
710 1196 770 1254 illis
788 1196 990 1257 tantummodo
1003 1198 1101 1257 verbis
1113 1202 1180 1278 pro

173 1275 238 1335 latis
251 1297 261 1334 ε
279 1278 335 1339 ldie
353 1287 397 1340 eat
410 1275 490 1339 ostia
502 1276 665 1357 Sanguinis
677 1280 754 1350 etei,
767 1280 879 1341 catoris
895 1281 1009 1341 omissis
1024 1301 1034 1357 ς
1047 1281 1179 1360 idoctaac

173 1362 198 1422 si
219 1360 249 1421 id
265 1362 341 1424 lortd
367 1364 540 1442 contigerit,
563 1363 721 1441 repetenda
738 1373 808 1425 sunt
826 1363 882 1425 sub
902 1365 1070 1429 conditione
1087 1368 1179 1428 verba

174 1449 395 1508 consecrationis
407 1449 481 1510 alni.
495 1448 569 1511 lbtd.
584 1467 647 1526 cop.
670 1451 719 1509 lt.
744 1466 775 1511 n.
798 1450 847 1511 lt.
1070 1515 1074 1523 ,

210 1531 347 1591 Sacerclos
359 1532 454 1595 aalide
463 1541 631 1603 consecrat,
651 1535 707 1597 etsi
721 1532 821 1595 lethali
835 1532 960 1597 crimine
977 1534 1016 1595 sit
1031 1530 1176 1608 iniectus,

175 1618 466 1688 excommunicatos,
489 1614 667 1687 hereticos,
693 1616 878 1695 dogndatas.
902 1616 992 1681 bicite
1019 1627 1117 1681 umen
1137 1630 1177 1680 nt

173 1697 321 1842 fedebm'
345 1701 433 1762 debet
454 1718 516 1762 csse
534 1700 565 1759 in
584 1708 664 1761 stato
684 1702 812 1777 noba,
835 1709 866 1761 et
891 1699 907 1760 d
936 1700 1037 1764 lethali
1056 1712 1178 1780 peccalo

185 1780 257 1842 ier.
274 1784 347 1844 lbid.
367 1804 393 1845 e.
411 1788 458 1845 ll.
478 1802 509 1843 n.
527 1785 555 1842 l.

209 1866 326 1945 Alioqui
353 1868 477 1947 duplicis
507 1867 600 1945 cnlpae
626 1883 711 1924 ceum
735 1885 766 1928 se
791 1869 967 1945 constituit,
991 1868 1179 1930 conficiendo

173 1948 280 2010 scilicet
299 1952 345 2011 vel
364 1948 548 2029 suscipiendo
565 1944 685 2027 indigne
708 1959 943 2021 sacromentum,
964 1959 994 2012 et
1016 1950 1179 2014 infideliter

173 2032 226 2092 sibi
242 2035 295 2113 ipsi
310 2034 514 2095 ministrando.
532 2030 606 2094 ibid.
627 2053 658 2093 n.
679 2034 708 2094 2.
776 2054 779 2061 ·
1022 2100 1025 2107 ,

210 2116 295 2178 Vetat
311 2118 518 2178 Tridentiatnn
537 2135 604 2176 sess.
630 2116 678 2177 ta.
698 2120 725 2175 c.
745 2096 822 2176 nde
834 2112 1049 2190 ructantem,
1067 2114 1106 2174 t'ie‘
1122 2114 1176 2174 sa-

173 2201 271 2261 cerdos
301 2202 408 2277 peccati
436 2199 567 2261 mortalis
592 2217 685 2269 rens,
707 2198 895 2277 quantumvis
917 2198 1087 2271 contritus,
1115 2200 1177 2260 nisi

172 2282 253 2361 pelias
268 2283 467 2343 sacramentali
481 2283 659 2342 consessione
677 2283 809 2360 expiatus
823 2325 832 2352 ‚
850 2280 888 2340 ad
902 2279 1109 2341 celebrandam
1122 2296 1178 2342 ac·

172 2367 263 2428 cedat.
274 2366 348 2427 ibid.
364 2366 434 2428 nli.
455 2367 603 2426 Permittit
617 2376 717 2426 tamen
731 2366 929 2425 sacerdotibus
945 2365 1177 2426 celebrationem

172 2452 282 2532 provio
305 2450 419 2512 tantbm
435 2458 500 2511 acta
514 2451 719 2525 contritionis,
736 2450 897 2511 dommodo
910 2450 1005 2526 gravis
1017 2450 1177 2509 necessitas
1289 2496 1294 2503 .

172 2546 297 2617 urgeat,
323 2538 425 2598 necslt
444 2538 525 2615 copia
544 2537 735 2610 confessarii3
759 2536 846 2595 simol
869 2534 939 2595 seed
959 2536 990 2593 in
1011 2540 1048 2594 eo'
1069 2534 1177 2604 feralia

171 2633 277 2683 eventa
302 2620 443 2693 mandat,
460 2631 494 2681 nt
513 2622 564 2699 qul
587 2622 627 2680 ita
649 2620 839 2680 celebraverit
859 2617 1079 2697 quamprimaim
1100 2622 1178 2680 coti·

171 2708 298 2768 litcatuc.
320 2705 396 2787 lldd.
410 2722 492 2765 nam.
506 2707 535 2765 l.
549 2708 643 2784 Atque
652 2706 692 2765 ita
702 2704 826 2781 explieat
841 2712 1018 2782 praeceptam
1035 2703 1176 2766 diltaoa'a

171 2793 207 2852 ab
228 2791 369 2871 Apostolc
386 2791 552 2851 traditam:
575 2789 675 2871 probet
691 2796 788 2849 actem
801 2789 928 2867 seipsum
949 2786 1044 2849 borceo.
1058 2789 1090 2847 ln
1101 2788 1176 2848 caso

171 2875 241 2937 verb
265 2876 399 2953 urgentis
421 2874 598 2936 necessitatis
617 2891 677 2935 noa
701 2873 807 2933 scilicit
825 2873 958 2945 attritio,
979 2864 1176 2932 sodomama

170 2961 309 3019 contritio
328 2959 512 3036 requiritur,
531 2958 578 3017 acl
595 2959 697 3017 saltem
722 2956 833 3015 attritio
852 2970 942 3033 quam
962 2954 1177 3031 sacerdosslllc

170 3043 254 3122 culpd
276 3044 484 3102 contritionem
496 3040 715 3101 existimaierit.
738 3038 814 3099 lllud
837 3037 906 3098 verb
926 3044 1101 3116 praeceptam
1115 3079 1124 3109 ‚
1140 3042 1180 3100 ot

169 3126 387 3210 catomprianlm
409 3126 607 3204 confiteatur,
628 3142 732 3185 vocam
757 3128 802 3184 est
823 3134 1028 3202 preceptum,
1052 3131 1082 3180 el
1107 3132 1177 3185 mon

169 3212 344 3286 eonsilium3
361 3226 414 3270 nee
433 3211 473 3269 ita
497 3209 721 3287 intelligendum
741 3218 806 3283 cst,
828 3217 861 3266 ot
880 3207 1013 3267 sacerdos
1038 3209 1095 3266 non
1127 3217 1177 3266 tc-

169 3304 273 3354 nectar
298 3295 410 3354 crimen
432 3308 518 3353 suum
542 3294 700 3361 confiteri,
724 3292 780 3351 nisi
801 3290 919 3370 quando
938 3289 1040 3350 rursds
1061 3290 1104 3348 cst
1124 3309 1179 3351 ce·

168 3377 346 3438 lebeatorus.
369 3379 436 3436 llos
462 3379 559 3437 cannia
582 3392 618 3436 ax
638 3377 728 3435 aeriis
748 3376 893 3436 damnatis
919 3374 1180 3454 propositionibus

88 3498 93 3506 ·
169 3469 251 3517 crata
270 3456 357 3519 latids
369 3460 559 3536 explicantur.
574 3461 650 3522 lbid.
668 3478 752 3520 naam.
772 3463 801 3520 ll.

209 3540 319 3615 Urgcas
345 3545 519 3617 necessitas,
540 3544 578 3604 dc
604 3543 662 3623 qud
683 3541 753 3617 laic,
772 3560 806 3605 ca
825 3551 979 3620 censetor,
997 3544 1021 3603 si
1038 3543 1185 3608 sacerdos
