2642 4167
156 282 212 344 tin
424 278 731 363 Procoetonsecaorit'.
750 284 822 364 Cap
840 283 888 343 ll.

195 384 263 443 Jcsu
284 383 347 456 mi,
368 391 400 444 tu
430 391 551 463 propter
578 401 711 443 amorem
733 400 834 461 meum
861 392 996 445 mortuus
1020 403 1081 446 es·
1109 403 1164 465 ego

157 475 417 545 propteramorem
432 477 518 528 tuum
537 485 613 527 mom
605 466 705 526 '.volo

195 553 263 611 265
275 551 340 611 Vll
355 550 482 630 Affectus
494 551 548 631 qui
559 551 676 630 coppe·
692 556 817 630 pocastm
830 551 1048 626 sacerdotibus,
1070 562 1100 615 et
1115 573 1164 616 rc-

156 630 267 716 b'pc'osis
283 632 423 713 infimata.

196 719 230 777 ln
250 736 319 796 pace
339 719 519 817 inidipsum
539 717 706 788 dormiam,
726 725 757 776 et
783 718 974 795 requiescam.

195 804 273 862 Deus
285 821 368 863 meus
384 814 414 864 ct
430 805 540 864 omnia.
564 804 589 861 0
615 820 663 861 me
685 802 823 871 beatum,
844 801 867 861 si
885 805 984 863 omnia
1004 808 1163 879 amittam,

156 895 191 946 ut
211 887 361 963 acquiram
383 897 413 948 te
431 906 530 948 meum
551 903 702 946 summum
726 886 849 945 bonnm.

195 972 228 1030 in
250 988 355 1031 manus
373 982 460 1042 tuas,
481 971 625 1039 Domine,
648 968 822 1030 commendo
836 968 973 1047 spiritum
991 991 1101 1034 mouns.

195 1056 239 1114 No
255 1054 390 1132 projicias
408 1072 457 1115 me
471 1073 488 1114 a
503 1055 574 1115 facie
596 1063 656 1112 tua.

194 1138 263 1197 iesu
282 1138 472 1209 dulcissime,
491 1155 529 1197 ne
548 1138 701 1215 permittas
723 1154 772 1197 me
789 1135 950 1214 separarilr
971 1147 1011 1198 te.

195 1224 303 1283 Amore
318 1225 427 1284 amoris
442 1224 485 1283 tui
502 1223 613 1282 moriar
623 1265 631 1290 ,
643 1221 695 1297 qui
709 1238 809 1283 amore
825 1222 933 1280 amoris
946 1224 1003 1283 mci
1024 1223 1164 1301 dignatus

157 1324 188 1366 cs
200 1305 288 1366 mori.
303 1308 323 1367 1
324 1314 353 1366 io
370 1304 482 1366 dicebat
492 1313 612 1366 caoctus
626 1303 810 1364 Frontinus.

196 1391 254 1450 Cor
271 1392 431 1451 contritum
448 1398 478 1452 ct
493 1389 704 1458 humiliatum,
727 1391 829 1467 Deus,
852 1408 913 1451 non
936 1390 1087 1470 despicies.

194 1475 228 1533 ln
243 1483 271 1533 tc
286 1475 410 1534 Domine
420 1475 554 1552 speravi,
570 1491 630 1532 non
644 1472 807 1533 confundar
825 1474 857 1534 in
880 1483 1034 1536 namnum.

195 1558 323 1636 Diligom
342 1565 391 1631 te,
416 1560 563 1631 Domine,
577 1556 719 1617 ioctitudo
738 1575 814 1617 mea

196 1640 247 1719 lija
262 1643 393 1712 moriar,
414 1643 559 1729 Domine,
575 1650 610 1702 ot
629 1651 658 1700 tc
673 1641 799 1700 videam.

194 1726 274 1800 Quid
291 1726 363 1787 mibi
382 1717 469 1787 estin
487 1728 583 1802 coelo;
595 1735 625 1786 ct
644 1723 662 1785 d
682 1734 712 1785 te
730 1726 801 1803 quid
821 1725 902 1785 volui
921 1743 1009 1803 super
1028 1734 1168 1788 mirum?

196 1813 276 1871 Deus
289 1811 384 1870 cordis
399 1812 474 1878 mei,
486 1820 591 1888 etpars
607 1827 672 1869 mea
691 1809 723 1869 in
746 1819 900 1868 aetcrnum.

196 1894 341 1955 Dominus
354 1894 532 1952 illuminatio
543 1912 607 1952 mcc
623 1938 631 1959 ,
646 1904 677 1953 ct
693 1890 769 1952 salos
784 1911 865 1963 mea,
880 1910 968 1969 quem
983 1895 1117 1954 timebo?

196 1980 281 2037 Pater
293 2021 301 2046 ,
315 1977 446 2055 peccavi,
460 1994 520 2037 nou
534 1994 598 2035 sum
613 1977 719 2054 dignus
734 1977 839 2036 vocari¹
853 1975 932 2035 filius
952 1984 1030 2037 tuus.

196 2062 303 2123 Avertc
316 2061 417 2121 sociem
432 2058 542 2119 tuamb
559 2063 681 2136 pcccatis
695 2062 778 2120 mois.

195 2146 276 2206 Tuus
289 2162 354 2204 sum
365 2161 436 2222 ego,
447 2144 560 2202 salvum
574 2161 622 2203 mc
633 2143 687 2204 fac.

195 2229 319 2302 Quando
332 2231 447 2287 veniam
462 2271 469 2295 ,
484 2237 512 2287 et
535 2229 680 2307 apparebo
696 2237 763 2289 ante
779 2230 882 2290 facicm
904 2231 958 2289 Dei
972 2234 987 2289 t

154 2330 158 2335 ·
195 2314 267 2388 Quis
286 2330 340 2372 nos
359 2310 531 2390 separabile
546 2311 685 2371 oboriente
701 2313 833 2372 Christi?

196 2400 335 2460 Amorem
353 2396 396 2457 tui
418 2394 514 2455 sollum
535 2396 715 2473 cumgratia
737 2407 787 2456 tua
811 2395 884 2457 mihi
905 2398 1170 2474 doncs,ctd1vcs

156 2500 222 2544 sum
239 2482 318 2541 satis.
333 2482 365 2541 S.
382 2480 522 2559 lunatica
532 2477 654 2559 Lopolo.

196 2567 325 2627 Dilectus
335 2582 417 2624 nicus
428 2563 522 2635 mihi,
541 2575 571 2625 et
588 2582 642 2642 ego
655 2565 710 2625 illi.

196 2649 408 2712 misericordias
428 2649 548 2709 Domini
570 2650 601 2709 in
621 2659 766 2710 aeternum
783 2651 917 2711 cantabo.

197 2735 300 2794 Sancta
316 2733 405 2793 Maria
420 2776 428 2804 ‚
447 2742 541 2793 mater
560 2734 612 2792 Dci
621 2778 632 2811 ,
647 2753 698 2794 ora
712 2753 767 2812 pro
781 2734 865 2796 nobis
877 2735 1088 2812 peccatoribus,
1101 2744 1164 2796 etc.

195 2820 277 2889 Vita,
291 2817 436 2888 dulcedo,
450 2836 515 2895 spos
530 2825 645 2891 nostra,
658 2821 748 2880 salve.

197 2902 351 2978 besogium
364 2911 567 2979 peccatorum,
582 2917 632 2961 ora
644 2922 699 2981 pro
714 2904 810 2966 nobis.

196 2987 311 3057 Maria,
345 2992 438 3042 mater
459 2986 582 3060 gratio,
610 2997 705 3046 mater
734 2989 962 3061 misericordiae,
990 2997 1022 3050 tu
1045 3005 1101 3048 nos
1124 2989 1169 3051 ab

157 3073 241 3133 hoste
256 3077 375 3145 protego
390 3112 397 3139 ,
413 3076 442 3125 et
457 3065 529 3127 hora
544 3071 646 3129 mortis
663 3074 787 3151 suscipe.

196 3155 225 3215 0'
237 3155 314 3215 oclus
330 3161 358 3214 tc
368 3152 585 3216 inuocantium!
599 3154 632 3215 S.
643 3157 761 3220 Boouo.
