2642 4167
182 200 242 261 sto
371 186 505 277 Epitome
523 193 662 259 doctrinm
678 190 800 257 stimulis
817 203 845 256 ct
862 194 1007 257 acuite

180 304 308 381 seripta3
329 299 462 359 sufficere
483 300 563 358 enim
583 298 620 359 ad
642 296 817 359 lucrandam
835 295 1050 376 imatgcmiam
1075 293 1191 370 credit,

180 387 204 448 si
227 395 411 466 postremum
430 400 505 461 epus
524 382 577 444 liat
594 383 627 444 iu
646 383 752 462 gratia.

219 494 250 554 Si
272 493 339 571 quis
363 490 559 563 confiteatur,
580 490 689 552 deinde
709 499 779 551 ante
796 489 945 568 ¹compieta
967 498 1056 569 opera
1078 492 1193 552 recidat

180 577 213 639 in
235 575 344 638 lethale
367 584 538 654 peccatum,
561 593 622 637 non
642 575 777 635 sufficere
798 574 843 634 illi
864 575 930 635 vult
950 575 974 634 si
998 585 1192 648 contemtor,

178 670 209 722 et
229 661 271 721 sic
293 662 438 720 contritus
455 677 544 738 opera
563 659 708 739 perficiat.
720 659 792 719 Vult
812 660 920 737 igitur,
933 667 968 717 nt
981 661 1116 741 quamvis
1128 678 1194 720 non

179 753 314 805 teneatur
337 745 479 824 praestitas
499 743 681 803 visitationes
697 753 850 821 repetere,
866 743 971 803 debeat
990 745 1099 804 iterare
1116 748 1196 805 eon·

178 831 352 912 sessionem,
379 831 518 911 idemque
541 830 579 888 ab
604 847 639 888 eo
657 830 857 909 prestandum
880 846 943 889 esse
963 829 1058 900 dicit,
1082 833 1133 909 qui
1156 832 1192 893 in

175 917 270 993 priori
288 915 468 975 coniemione
481 913 693 975 invincibiliter
709 914 818 975 oblitus
835 914 875 975 sit
892 912 1038 990 subjicere
1057 915 1192 975 clavibus

177 1009 329 1079 peccatum
348 998 470 1076 aliquod
492 998 631 1058 mortale.

216 1097 344 1156 Puberes
369 1098 421 1174 qui
449 1095 576 1173 dejure
599 1097 750 1175 incapaces
772 1103 928 1160 censentur
947 1099 1188 1175 communionis,

177 1174 337 1259 dispensari
359 1182 523 1258 permittit,
544 1184 775 1240 commutatione
792 1183 868 1242 lacta
895 1184 927 1242 in
949 1183 1029 1242 aliud
1049 1202 1136 1262 opus.

215 1263 260 1324 nd
280 1264 491 1343 indulgentiam
505 1264 674 1324 lucrandam
690 1285 749 1326 non
764 1267 942 1342 requiritur,
952 1277 987 1326 ut
1000 1285 1054 1344 per
1069 1276 1188 1344 portam

175 1359 303 1408 sanctam
326 1351 392 1426 quis
417 1349 597 1427 ingrediatur
618 1357 648 1408 et
668 1350 845 1427 egrediatur.
868 1350 899 1409 si
922 1350 989 1427 quis
1004 1353 1189 1411 visitationes

176 1432 286 1511 aliquas
294 1434 481 1491 Basilicarum
495 1433 655 1508 praemisit,
669 1433 738 1492 dein
753 1452 805 1510 per
819 1436 985 1502 indultum,
996 1435 1076 1511 quod
1090 1436 1188 1495 emitti

142 1520 147 1529 '
176 1516 250 1577 solet
268 1518 344 1576 intra
359 1518 485 1594 spatium
506 1517 576 1576 anni
598 1517 688 1575 suncti
699 1559 708 1585 ,
720 1535 779 1594 quo
793 1518 974 1577 visitationes
988 1519 1024 1577 ad
1039 1520 1188 1579 minorem

152 1662 157 1672 ,
177 1618 335 1660 numerum
355 1601 546 1677 rediguntur,
566 1607 664 1677 potest
684 1611 856 1677 computare
878 1603 1058 1660 visitationes
1077 1621 1189 1680 praeee-

176 1685 298 1755 dentes,
318 1693 348 1744 ct
368 1685 484 1744 indulto
496 1685 539 1744 uti
551 1705 560 1759 3
572 1686 647 1743 sicut
669 1685 758 1744 ctiam
777 1687 879 1744 eadem
902 1687 1085 1764 indulgentia
1099 1698 1190 1748 uten-

175 1768 247 1828 dum
265 1787 332 1828 cuna
351 1769 430 1839 illis,
448 1769 499 1846 qui
516 1779 584 1827 ante
600 1768 765 1842 indultum,
781 1787 938 1828 numerum
958 1779 1053 1830 totum
1066 1772 1188 1850 imples·

174 1862 240 1914 scut
253 1852 454 1911 visitationum
474 1852 511 1911 ab
527 1852 642 1912 indulto
658 1854 730 1912 dein
749 1863 884 1933 cruanato
905 1855 1152 1932 praescriptarum.

213 1952 341 2011 Mentem
355 1967 509 2010 essesuam
526 1949 617 2021 dicit,
633 1960 666 2009 ut
688 1953 795 2011 vocalis
815 1951 866 2011 iial
884 1952 979 2013 oratio
992 1954 1025 2013 ia
1035 1954 1185 2031 basilicis,

175 2053 229 2097 nec
247 2035 383 2094 sufficere
398 2035 422 2094 si
438 2044 537 2094 mente
553 2034 668 2094 tantinn
683 2043 796 2095 oretur.

185 2129 250 2208 'Si
265 2128 332 2205 quis
358 2128 435 2185 intra
461 2144 574 2186 annum
600 2128 711 2204 pluries
736 2146 824 2206 opera
849 2127 981 2206 injuncta
1004 2133 1182 2208 repetierit,

172 2214 324 2293 acquirere
346 2210 444 2271 denud
468 2221 565 2288 potest
590 2212 826 2289 indulgentiam,
848 2217 899 2274 scd
922 2216 995 2276 aiios
1017 2218 1129 2278 favores
1151 2230 1187 2281 et

171 2299 295 2378 gratias,
309 2296 416 2375 quibus
436 2295 532 2373 primd
552 2296 616 2354 vice
634 2296 726 2363 frictus
739 2304 782 2355 cst
801 2301 966 2378 particeps,
981 2300 1092 2362 iterr'na
1111 2314 1189 2365 con·‘

171 2384 254 2463 sequi
273 2378 396 2443 minime
415 2390 532 2458 potest,
556 2379 625 2458 potia
646 2378 754 2440 iter-rim
774 2383 885 2442 absolvi
903 2382 1109 2460 drammatis,
1128 2400 1185 2450 aut

171 2486 316 2532 uovorum
335 2475 471 2526 votorum
493 2467 755 2525 commutationem
777 2467 924 2528 obtinere.

209 2571 393 2649 Quamquam
408 2584 540 2627 concessa
558 2569 597 2628 sit
618 2569 843 2628 Poenitcutiariis
865 2571 1046 2644 minoribus,
1066 2584 1095 2634 et
1109 2591 1187 2634 eon-

169 2656 312 2725 lusoriis,
326 2652 342 2712 'a
357 2653 504 2714 cardinali
517 2654 634 2713 Vicario
650 2654 752 2712 Romae
766 2654 912 2730 deputatis
926 2699 934 2726 ,
950 2657 1071 2716 breuitas
1084 2660 1187 2719 absol-

169 2740 256 2801 vendi
280 2737 296 2797 d
320 2739 444 2817 peccatis
461 2738 616 2798 reservatis
640 2738 671 2796 in
694 2737 773 2796 bulld
794 2738 977 2814 Curaae,non
994 2741 1061 2802 ideb
1080 2752 1186 2805 namen

169 2845 202 2886 ca
223 2825 359 2884 facultate
378 2823 509 2903 generali
533 2823 601 2889 data
623 2831 667 2880 cst
688 2822 808 2881 facultas
830 2823 998 2885 absolvendi
1017 2827 1055 2886 ab
1077 2827 1186 2889 ireresi

170 2912 302 2970 externi.

206 3004 372 3067 Declaravit
390 3005 509 3083 insuper
531 3006 562 3063 in
581 3005 633 3064 sud
653 3003 883 3074 constitutione,
904 3006 1087 3082 qua‘incipit
1102 3008 1185 3068 Con·

167 3089 291 3159 vocatis,
308 3090 392 3149 illum
403 3132 411 3159 ‚
424 3091 524 3166 qui-ex
545 3089 710 3155 intentione
729 3088 890 3165 reeipiendi
904 3087 1078 3162 jubilaeum,
1093 3092 1185 3152 abso-

167 3177 310 3242 lutionem
330 3171 346 3234 a
367 3174 499 3232 censuris
512 3182 541 3231 et
554 3184 694 3232 votorum
714 3173 973 3232 commutationem
991 3173 1137 3244 obtinuit,
1155 3179 1183 3238 si

166 3270 265 3337 postea
287 3259 396 3318 urucam
421 3256 605 3326 intentione,
621 3256 777 3332 jubileum
800 3274 859 3316 non
884 3255 1007 3332 recipit,
1024 3275 1085 3316 non
1108 3260 1190 3320 idcd‘

162 3336 319 3405 incurrere
334 3338 442 3403 itcrbm
464 3359 637 3412 censuram,
653 3353 683 3399 et
699 3343 774 3401 votis
786 3340 935 3420 prioribus
949 3340 1091 3417 obstringi
1102 3364 1111 3415 3
1124 3347 1183 3405 sed

161 3427 287 3491 inclinat
306 3424 337 3482 in
357 3426 551 3496 sententiam,
566 3434 600 3483 ut
611 3443 679 3485 reus
696 3425 837 3485 habeatur
852 3427 962 3503 peceati
975 3429 1106 3486 mortalis
1122 3436 1192 3507 qui*

159 3510 206 3569 sita
220 3509 402 3567 voluntatem
419 3526 501 3565 suam
519 3519 632 3580 mutat,
648 3520 746 3569 censet
757 3511 835 3568 enim
846 3553 854 3580 ‚
866 3506 915 3568 hic
933 3510 1090 3587 quemdam
1105 3518 1181 3575 taci-

165 3596 229 3649 tuur
243 3600 424 3655 contractum
441 3593 601 3672 celebrari,
616 3604 649 3656 ut
665 3597 857 3657 confessarius
871 3613 907 3655 cx
920 3595 973 3655 sui
991 3603 1074 3674 parte
1089 3599 1179 3661 illum
