2642 4167
151 179 190 237 50
419 173 531 236 Procris·
547 172 729 255 catapan-tt.
745 177 816 260 Cap.
835 175 866 237 2.

150 275 199 336 cit.
211 294 241 336 a.
254 277 325 338 het
341 276 454 353 omncs)
466 276 490 336 si
509 293 556 335 eas
572 276 691 354 respicit
709 277 741 336 iu
758 285 903 353 quantum
923 282 994 337 sunt
1015 282 1159 338 creatorae

149 357 203 419 Dei
216 404 225 430 ,
238 361 401 420 mortaliter
419 366 535 438 peceat,
558 377 717 438 veramque
736 369 832 439 patrat
845 358 1079 439 blasphemiam
1094 381 1157 424 non

149 442 220 505 rerd
238 444 300 521 jam
322 446 346 504 si
371 444 540 523 praescindit
569 444 669 505 abeis
697 444 915 504 considerandis
942 456 976 506 ut
1001 446 1097 517 tales,
1125 454 1158 506 ct

150 525 265 586 tantdm
286 527 328 587 eis
353 528 502 587 maledicit
522 525 684 589 secunddm
705 547 737 588 sc
759 528 969 597 consideratis,
991 528 1157 607 etquidem

149 625 251 669 omues
268 612 338 689 ipsae
361 622 430 672 sunt
449 623 589 673 creaturae
610 613 675 672 Dei.
696 614 739 672 En
757 611 836 690 qudd
857 615 898 672 D.
923 610 1049 673 Thomas
1067 613 1157 673 etiam

149 693 434 767 praecisioncmhanc
444 697 627 757 admittit.lta
640 698 817 775 pariter,qui
826 694 950 756 mortuis
963 696 1119 766 maledicit,
1129 696 1155 756 si

148 777 296 840 maledicit
311 780 341 840 in
356 789 500 858 quantum
511 780 547 839 ad
557 782 669 840 animas
682 783 784 841 corum
797 825 806 851 ,
823 781 952 858 graviter
964 790 1080 858 peecat3
1093 800 1155 842 non

147 868 247 921 autem
271 865 294 923 si
313 864 499 942 praescindit,
524 875 554 924 et
568 868 694 926 mortuis
708 865 874 937 maledicit,
895 864 967 942 quin
992 865 1157 943 specialiter

147 945 259 1006 animas
278 949 423 1026 respiciat.
450 950 553 1009 Dicere
575 959 673 1009 autem
689 948 769 1028 qudd
788 968 889 1010 omncs
903 948 953 1026 qui
976 949 1157 1009 maledicunt

146 1028 289 1103 mortuas,
304 1050 405 1092 omnes
421 1032 483 1108 jam
498 1033 658 1093 intendunt
671 1036 760 1093 etiam
778 1052 880 1108 corum
895 1031 1049 1092 animabus
1064 1034 1157 1092 male·

146 1109 261 1184 dicere,
285 1133 339 1193 ego
353 1125 383 1175 et
402 1124 448 1176 tot
465 1117 514 1175 alii
528 1117 718 1187 confessarii,
734 1119 908 1194 poenitentes
927 1115 1154 1191 interrogando,

146 1196 313 1272 oppositum
344 1201 554 1277 comperimus.
580 1200 676 1262 Tanto
700 1202 793 1279 magis
817 1199 897 1278 qudd
928 1199 1076 1258 ordinarie
1104 1199 1155 1259 isti

147 1279 198 1355 qui
227 1283 354 1342 mortuis
374 1283 578 1356 maledicunt,
605 1302 666 1345 non
685 1283 747 1361 jam
768 1302 818 1343 eos
844 1282 951 1343 laedere
972 1282 1153 1355 intendunt,

145 1362 198 1422 sed
213 1366 296 1425 vivos
317 1367 425 1443 quibus
438 1369 475 1428 ad
497 1369 589 1429 instar
611 1368 859 1429 contumeliarum
877 1365 1045 1442 hujusmodi
1062 1367 1155 1426 malc-

45 1450 47 1456 ’
144 1442 288 1508 dictiones
300 1450 443 1529 dirigunt.
453 1453 665 1513 Verumtamen
676 1450 737 1513 haee
747 1461 791 1511 est
805 1453 926 1512 materia
939 1451 1017 1522 laeti,
1030 1452 1157 1529 quisque

145 1530 335 1594 confessarius
360 1535 391 1594 in
416 1535 498 1608 hoc,
525 1537 718 1614 paenitentem
738 1535 896 1616 diligenter
923 1534 1152 1613 interrogando,

145 1615 255 1691 poterit
268 1634 299 1676 sc
319 1620 336 1677 a
357 1618 448 1680 dubio
470 1621 610 1681 eximere.

184 1699 289 1760 Dicere
301 1710 400 1762 autem
415 1703 494 1782 qudd
508 1747 516 1777 ,
531 1702 599 1764 licet
613 1704 681 1782 quis
695 1701 766 1765 ‘solis
783 1708 970 1763 mortuorum
982 1701 1155 1780 corporibus

145 1782 318 1848 maledicere
329 1785 481 1858 intendat,
499 1805 554 1848 nee
571 1786 688 1847 etiami
700 1789 784 1866 eulpa
797 1786 879 1865 gravi
892 1787 1021 1846 excusari
1039 1795 1152 1861 potest,

145 1876 267 1944 propter
288 1881 454 1948 respectum
475 1889 564 1949 quem
584 1872 708 1932 Ecclesia
734 1870 822 1932 habet
840 1887 999 1947 corporum
1018 1880 1154 1932 mortuo-

145 1968 214 2014 rum
226 1994 237 2026 ,
260 1953 301 2014 eis
326 1954 478 2016 incensum
502 1954 685 2033 praebendo,
711 1957 787 2034 aqud
811 1953 930 2016 lustrari
954 1953 1153 2030 aspergendo,

144 2042 263 2095 etcum
286 2055 392 2115 pompa
419 2038 587 2115 sepeliendo
611 2060 620 2097 ε
640 2039 738 2100 nescio
764 2036 913 2117 quomodo
935 2037 1001 2114 quis
1015 2037 1053 2097 ob
1076 2035 1153 2097 hanc

143 2118 288 2180 rationem
306 2120 336 2180 id
350 2121 472 2184 suadere
481 2123 536 2182 sibi
549 2123 650 2201 possit.
667 2124 742 2183 Nolo
756 2124 788 2184 in
803 2121 858 2182 hoe
871 2119 1035 2182 immorari.
1051 2121 1153 2181 Paucis

145 2219 193 2261 mc
213 2204 388 2280 expediam,
403 2215 434 2265 et
451 2205 534 2276 dieo,
556 2206 703 2286 praedictae
719 2207 884 2268 functiones
905 2222 965 2264 non
992 2212 1061 2262 sunt
1083 2205 1154 2280 qui·

143 2285 211 2346 dem
232 2284 428 2348 exhibitiones
446 2287 568 2366 alicujus
589 2290 685 2352 cultris
708 2290 836 2367 religiosi
855 2305 923 2366 erga
937 2305 1057 2363 corpora
1070 2305 1155 2350 mor-

143 2378 276 2440 tuorum,
289 2371 339 2429 sed
349 2371 464 2433 tantdm
480 2374 613 2450 quaedam
627 2375 828 2446 caeremoniae,
843 2391 913 2451 quas
926 2371 1050 2431 Ecclesia
1061 2372 1152 2434 etiam

143 2470 212 2531 erga
240 2449 373 2515 viventes
404 2456 534 2517 adhibet.
553 2459 584 2518 Si
607 2459 699 2536 igitur
725 2457 821 2519 honor
848 2457 900 2536 qui
929 2455 964 2515 sit
983 2454 1150 2528 defunctis,

143 2537 238 2615 maior
250 2548 363 2599 nonest
380 2540 433 2599 illo
449 2541 501 2618 qui
514 2541 588 2602 viris
607 2539 782 2615 exhibetur,
799 2560 853 2602 nec
866 2538 1042 2600 contumelia
1054 2537 1151 2616 major

142 2624 209 2689 crit,
227 2623 283 2682 Sed
298 2642 352 2683 eur
366 2623 478 2703 (subdit
498 2625 610 2687 Auctor
625 2627 774 2705 Epistulae)
795 2627 873 2704 leges
892 2626 1008 2703 gratiis
1021 2626 1151 2705 puniunt

142 2705 192 2784 qui
213 2705 352 2768 atlverstis
371 2707 510 2770 cadavera
527 2710 677 2770 saeviunt?
699 2710 897 2788 Respondet:
919 2711 1066 2789 puniunt,
1086 2727 1149 2768 non

141 2790 255 2850 ratione
280 2794 487 2867 contumelia,
509 2793 560 2853 sed
583 2794 698 2855 ratione
717 2794 811 2872 iniqui
833 2793 942 2871 animi,
963 2794 1014 2872 qui
1038 2794 1069 2852 in
1097 2792 1149 2854 tali

141 2873 254 2932 actione
276 2874 498 2948 manifestatur,
520 2885 549 2936 et
569 2877 618 2954 qui
638 2876 734 2936 adhue
756 2878 787 2936 in
807 2876 956 2936 occidente
976 2874 1146 2954 infidelem,

141 2965 192 3014 aut
213 2955 382 3020 ltaereticum
398 2956 498 3035 dolege
511 2958 681 3024 mulctatur,
697 2960 837 3037 Alioquin
855 2960 880 3019 si
900 2958 956 3021 hoc
978 2969 1053 3020 esset
1068 2959 1099 3020 iu
1115 2978 1149 3021 sc

140 3040 237 3116 gravis
261 3038 436 3103 cadaverum
462 3040 588 3118 injuria,
610 3042 741 3120 ejusdem
759 3044 892 3105 criminis
913 3052 1009 3105 esseut
1030 3042 1074 3104 rei
1094 3044 1148 3122 qui

34 3146 37 3151 ·
141 3122 180 3183 ob
195 3140 281 3182 usum
297 3126 452 3188 anatomiae
469 3127 530 3204 ipsa
553 3127 687 3187 incidunt
699 3137 729 3190 et
743 3128 865 3188 laniant.

180 3203 325 3270 Caeterdm
347 3208 379 3266 id
400 3209 479 3286 quod
496 3211 638 3271 concludo
662 3221 725 3283 est,
746 3211 983 3272 maledictionem
1008 3211 1039 3271 in
1064 3229 1148 3273 mor·

141 3297 207 3347 tuos
219 3332 227 3360 ‚
240 3308 293 3367 per
304 3307 335 3349 se
350 3291 517 3371 loquendo,
533 3311 587 3353 nee
608 3295 838 3374 blasphemiam,
861 3313 915 3354 nce
933 3296 1050 3373 culpam
1065 3313 1147 3357 mor-

141 3371 231 3430 talem
251 3390 323 3438 esse,
345 3376 381 3434 Et
396 3376 516 3436 invenio
529 3419 537 3449 ,
552 3376 633 3455 qudd
654 3389 715 3440 tres
741 3382 882 3440 ductores
899 3377 971 3457 (jam
993 3379 1025 3438 iu
1048 3378 1148 3457 Opere

143 3453 235 3532 citati)
249 3456 299 3532 qui
320 3457 373 3517 soli
395 3458 432 3517 de
451 3458 507 3519 hoc
523 3470 633 3538 puncto
655 3463 856 3541 seripserunt,
877 3462 956 3523 idem
969 3463 1146 3541 pronuntie-

142 3544 224 3600 runt.
250 3539 392 3602 l‘raeterea
405 3584 414 3616 ,
427 3559 481 3624 ego
505 3561 558 3629 pro
579 3544 683 3628 majori
703 3565 777 3609 meae
799 3545 982 3612 conscientiae
998 3562 1068 3628 paee
1079 3588 1089 3620 ,
1106 3543 1147 3614 de
