2642 4167
93 299 96 303 ,
180 247 218 309 76
464 244 576 308 Proicit
588 243 772 326 cortf'ecearii.
787 243 914 328 Cupis

174 346 256 410 ¹tierc.
273 346 391 411 Farcbit
403 357 572 427 responsum
586 344 701 406 mittere
717 342 875 426 Neapolim
893 344 960 423 (aut
973 345 1114 409 Acerrani
1127 366 1185 431 per

179 432 261 493 uiam
273 428 429 512 Neapolis)
438 428 478 492 ari
490 431 576 490 N.N.
588 428 839 509 (hiccxprimatur
848 447 957 492 namen
970 438 1000 493 ct
1009 432 1185 511 cognomen)

179 513 666 596 conscemrinmapproiotnmetc.

218 599 249 661 Si
263 607 363 661 nntcm
376 598 599 660 matrimonium
617 594 735 672 estjam
748 596 856 657 initum
868 596 1013 657 scribatur
1022 598 1064 659 cic
1073 618 1082 658 r
1092 600 1132 660 N.
1140 600 1182 660 N.

180 683 305 765 ipnarue
318 686 383 763 (arat
395 678 538 760 conscius)
556 677 778 758 impedimenti,
798 678 1021 741 matrimonium
1035 682 1186 743 contraxit

179 783 245 829 curro
262 766 365 849 aliqua
378 764 501 846 faentina
515 809 522 830 ,
536 763 620 845 epm
634 772 758 824 matrem
775 764 991 840 (antennarum)
1007 764 1095 846 priiar
1118 785 1187 827 car·-

180 849 292 913 naiitcr
310 846 593 931 capraemontem,
616 847 682 908 cuno
701 846 941 990 impedimentum
956 850 997 907 eit
1020 846 1184 923 occuitum,

180 942 209 994 ct
221 954 281 995 nnn
289 935 382 1017 poerit
392 933 539 1013 separatio
550 932 613 992 eiire
623 930 734 991 scancia
746 948 763 991 o
774 929 861 1011 sieri,
873 928 1022 1012 supplicat
1030 932 1185 995 Eminent.

137 1017 141 1026 “
186 1019 222 1080 V.
235 1036 288 1099 pro
302 1015 482 1079 absolutione
493 1023 521 1075 et
531 1014 766 1093 dispensatione,
787 1025 844 1073 etc.

220 1102 301 1184 Circa
322 1111 389 1161 vota
403 1101 542 1159 castitatis
563 1121 571 1158 ι
590 1100 631 1158 N.
649 1100 691 1159 N.
715 1107 816 1158 notum
834 1098 932 1157 euaiait
954 1099 1116 1168 castitatis,
1135 1100 1188 1163 sea

181 1201 260 1245 nnnc
273 1193 316 1247 eat
331 1184 364 1245 in
379 1182 489 1265 pruni,
508 1192 536 1242 et
551 1181 719 1242 imminenti
729 1177 857 1261 pericula
872 1181 1108 1261 incontinentioe5
1120 1184 1186 1247 iaco

114 1321 117 1328 ,
180 1266 329 1349 supplicat
337 1271 489 1330 Emincnt.
509 1268 546 1327 V.
565 1274 600 1327 nt
617 1265 786 1345 dr'epenaare
801 1264 938 1345 dipnctar
950 1264 984 1325 in
997 1264 1072 1327 dicto
1094 1276 1184 1345 aare,

181 1359 216 1412 ut
225 1351 320 1431 parcit
334 1360 434 1412 orator
444 1349 668 1411 matrimonium
688 1349 786 1424 inire,
807 1357 860 1408 etc.
884 1348 994 1410 Eodem
1015 1350 1103 1412 modo
1123 1352 1188 1413 iere

145 1435 147 1440 “
180 1435 369 1498 scribendum
382 1453 436 1514 pro
446 1435 660 1512 dispensatione
673 1433 704 1492 in
715 1443 786 1493 roto
800 1432 961 1509 religionis.
976 1436 1011 1493 Et
1021 1435 1187 1498 notandum

180 1517 260 1597 quod
277 1521 314 1579 nd
334 1519 562 1597 dispensandum
575 1519 607 1578 in
622 1526 692 1576 voto
707 1518 847 1577 castitatis
860 1534 920 1577 nan
933 1517 1041 1577 sufficit
1060 1517 1189 1596 quodvis

181 1619 339 1664 commune
354 1603 519 1683 periculum
540 1601 780 1674 incommutatio,
800 1598 852 1661 sed
874 1601 1037 1679 requiritur
1049 1618 1138 1681 grave
1153 1611 1189 1664 et

181 1685 341 1748 imminens
356 1694 446 1766 prout
458 1687 621 1747 innuimus.

220 1771 303 1831 Circa
323 1771 552 1851 irregularitntcs
571 1769 634 1830 2N.
651 1771 694 1831 N.
712 1765 852 1830 Saccrrmr
870 1768 1018 1830 contraxit
1040 1767 1189 1849 ammata

178 1852 299 1914 ritatem
311 1857 402 1914 ranan
415 1852 568 1915 homicidii
576 1854 641 1934 [aut
652 1851 821 1914 violationis
834 1870 979 1924 censurae,
992 1851 1071 1931 cte.),·
1081 1852 1190 1914 etnim

180 1936 262 2078 aptit
275 1934 439 2018 periculum
454 1936 591 2020 infamiae
599 1981 610 2016 ,
631 1936 659 1998 ai
674 1935 827 1999 abstinero
837 1934 1006 1998 celebrande
1018 1980 1028 2010 ,
1041 1935 1105 1998 tneo
1117 1955 1189 2017 aup-

178 2018 290 2099 picat,
309 2028 360 2081 etc.

219 2104 302 2164 Foris
315 2107 346 2166 in
369 2106 498 2185 Epistola
528 2104 930 2185 ponaturassminentisaimo
953 2113 982 2167 ct
996 2104 1189 2168 Reuerentia·

180 2185 256 2249 cinae
267 2188 396 2252 Domine
411 2187 618 2251 Coiereriiesimn
1145 2185 1148 2190 ’

238 2271 369 2335 Domino
388 2269 546 2335 CordinaIi
561 2272 787 2337 Panitcntiorio
800 2273 917 2355 Maiori

799 2361 934 2423 Romam.

216 2524 268 2587 88.
284 2523 482 2587 Confessarius
496 2571 505 2600 ,
521 2533 572 2587 ant
593 2527 618 2588 is
637 2526 686 2587 cui
712 2523 938 2607 dispensationis
954 2527 1085 2590 executio
1102 2547 1190 2594 com·

179 2606 267 2670 missa
278 2608 351 2684 erit,
371 2609 403 2669 in
420 2609 615 2690 dispensando
632 2619 698 2690 post
713 2613 950 2671 sacramentalem
964 2613 1186 2677 absolutionem

178 2691 360 2769 impertitam
373 2736 381 2766 ‚
394 2696 527 2771 sequenti
544 2696 670 2754 formula
682 2696 726 2754 uti
744 2697 852 2774 poturit
864 2718 872 2752 ι
883 2697 926 2754 Et
941 2693 1062 2774 insuper
1082 2704 1192 2757 arrota-

179 2776 268 2836 ritate
288 2776 449 2858 apostatica
463 2778 539 2840 rnriri
550 2785 683 2851 concessa
696 2779 832 2861 dispereo
848 2787 938 2839 tecum
953 2797 1042 2859 super
1053 2780 1192 2861 impedi·

178 2868 276 2920 niente
288 2860 382 2941 primi
393 2861 454 2941 (eeu
471 2863 592 2924 secundi
602 2909 612 2939 ‚
626 2881 679 2925 eeu
697 2862 791 2944 prirni
807 2872 834 2922 et
846 2861 975 2940 recaredi)
991 2862 1103 2942 pradia
1113 2882 1190 2942 pro·

177 2944 309 3005 ueniente
327 2962 364 3004 cn
376 2943 481 3026 coperia
504 2944 664 3019 iiiicita,ei
685 2957 711 3007 tc
729 2946 831 3008 habita
848 2966 914 3007 curn
932 2964 1031 3007 sorore
1048 2944 1190 3011 mulieris

176 3044 303 3110 quacum
319 3028 496 3089 contrariari
515 3031 582 3108 (ant
603 3030 771 3091 contrahere
789 3030 950 3109 intendis),
972 3039 1006 3089 ut
1028 3029 1191 3092 nratrimo·

176 3111 262 3176 nium
273 3128 341 3171 cunc
354 3107 410 3171 itta
427 3112 533 3175 rumim
552 3114 722 3175 contrahere
741 3115 856 3194 poesia,
876 3121 1014 3174 renouato
1029 3130 1187 3190 censemur,

177 3194 346 3277 etprcienr,
366 3196 395 3257 ei
408 3214 499 3276 quarn
514 3198 654 3281 oerecipiec
675 3195 732 3278 (vei
751 3197 930 3280 suscepisti),
952 3196 1112 3277 tepitimarn
1132 3197 1190 3260 de·

169 3275 268 3346 ,atara
282 3285 323 3343 In
340 3284 457 3344 nemine
468 3284 589 3357 Patria,
605 3293 658 3346 cte.
677 3286 707 3345 Si
717 3285 894 3364 dispensatio
903 3289 1001 3344 autem
1016 3292 1060 3343 cst
1071 3283 1191 3347 invoco

177 3366 337 3438 castitatis,
353 3368 425 3428 dicit
440 3389 448 3426 a
463 3370 588 3447 lrrauper
601 3368 655 3429 tibi
669 3375 769 3429 catum
789 3366 935 3429 castitatis
953 3364 1032 3446 quad
1046 3365 1188 3441 moranti,

177 3456 214 3512 ut
229 3445 329 3511 unicae
341 3452 564 3513 matrimonium
573 3452 764 3524 contrahere,
779 3461 808 3513 ct
817 3449 869 3514 iiio
878 3452 941 3528 uti,
962 3452 996 3512 in
1010 3468 1100 3531 opera
1115 3469 1188 3531 quin

180 3530 235 3593 tibi
249 3534 420 3613 praescripsi
430 3533 626 3614 dispensando
643 3543 797 3597 annutante.
820 3538 860 3597 In
880 3534 1016 3608 nominc,
1037 3542 1088 3594 etc,
1103 3538 1139 3595 iit
1157 3538 1186 3599 si

180 3613 245 3691 quis
257 3656 266 3688 ‚
277 3631 336 3676 non
355 3617 488 3679 obstante
505 3628 575 3682 vnto
594 3622 759 3694 castitatis,
782 3620 1004 3682 matrimonium
1020 3620 1188 3679 contraris·
