2642 4167
156 226 195 285 5l
435 224 547 283 Peneis
560 220 740 301 carascaeart'i.
758 224 831 301 Cap.
845 225 875 284 ἰ).

195 346 363 480 ebernei
377 406 429 467 tv,
448 412 638 487 paeceptum.
665 408 696 469 Si
722 359 903 469 confitentur
923 406 1006 480 lilii,
1033 408 1162 469 interra·

156 502 265 571 gentnr
282 495 311 552 l.
336 493 366 553 st
382 490 500 552 ederint
523 494 684 567 parentes?
698 490 768 569 quia
790 499 861 552 tune
882 490 993 568 duplex
1008 502 1160 570 peccatam

155 576 385 648 commiserunt,
398 583 500 637 eontra
515 571 689 640 charitatem
704 590 830 653 nempe,
848 582 878 635 ct
896 584 997 634 contra
1009 576 1159 653 pietatem.

157 662 186 720 9.
200 659 230 718 Si
244 657 356 737 aliquid
370 676 458 738 grave
469 658 593 720 iecerint
605 666 708 719 eontra
730 675 833 719 cerum
847 667 1027 736 praeceptum
1044 678 1164 739 expres·

157 759 240 813 sum,
253 751 284 803 et
297 742 328 803 in
342 760 375 803 re
390 741 487 819 justa,
502 741 588 802 sicuti
610 749 687 803 esset
704 740 771 802 nee
786 742 926 803 democle
941 751 1027 803 noete
1042 745 1162 822 egreie·

158 835 262 887 rentur
275 871 283 896 ,
298 844 336 887 ne
353 826 432 888 ludis
452 825 601 888 damnosis
611 827 769 903 luderent,
793 845 831 887 ne
853 845 921 886 cnm
945 828 1030 888 malis
1055 829 1161 893 sociis.

41 912 50 922 ‘
157 919 209 969 aut
232 928 301 970 eum
319 910 451 990 personis
467 909 577 971 diversi
599 910 706 983 sextis,
733 919 763 972 et
784 910 930 971 similibus
952 917 1164 972 versarentur?

158 994 225 1052 Dixi
238 993 272 1054 ia
283 992 430 1074 rejteta5
443 993 512 1072 quia
530 995 605 1055 circo
626 995 720 1056 statiis
732 995 904 1056 electionem
917 994 971 1053 lilii
991 1013 1052 1055 non
1065 1004 1165 1056 tenen·

158 1086 209 1135 tur
226 1078 400 1154 parentibus
414 1077 556 1155 obedire3
579 1078 640 1139 inab
655 1088 792 1157 parentes
810 1079 938 1157 graviter
952 1088 1124 1157 peccarent,
1137 1082 1162 1137 si

157 1159 220 1220 sine
231 1159 309 1237 justa
324 1177 408 1221 causa
428 1161 505 1223 lilios
518 1160 555 1224 nd
568 1170 678 1222 statum
697 1161 965 1233 matrimonialem,
987 1171 1040 1222 aut
1054 1162 1091 1222 ad
1104 1171 1165 1221 sta·

158 1252 222 1304 tum
252 1246 499 1317 ecclesiasticum,
525 1254 577 1307 aut
604 1248 776 1325 religiosum
804 1254 943 1324 cogerent
959 1267 969 1320 ς
988 1254 1039 1305 aut
1068 1245 1164 1305 medis

159 1326 275 1403 injustis
296 1328 479 1390 retraherent
494 1348 544 1391 eos
566 1328 582 1390 b
603 1341 681 1391 statu
705 1331 861 1409 religioso,
877 1348 965 1407 quem
988 1330 1032 1389 illi
1055 1330 1165 1408 eligere

159 1412 252 1471 velint
265 1410 326 1492 (tit.
341 1416 371 1474 l.
384 1433 416 1474 n.
433 1415 500 1476 555.
512 1433 543 1475 e.
553 1418 727 1486 'Pretercm
743 1422 770 1475 et
780 1411 832 1474 tte.
847 1415 876 1474 h.
891 1432 924 1472 n.
935 1411 1009 1490 rt).
1025 1415 1055 1474 3.
1069 1415 1165 1473 luter·

158 1505 261 1574 roget,
272 1497 296 1557 si
310 1497 532 1560 irreverentiam
545 1499 685 1560 adversus
696 1508 829 1577 parentes
846 1496 1051 1572 adhibuerint,
1064 1497 1164 1563 tactis,

159 1589 211 1640 aut
230 1581 508 1658 imprecationibus,
526 1594 577 1646 eut
592 1584 711 1661 injuriis
730 1581 868 1661 gravibus
883 1600 981 1641 coram
1002 1581 1161 1658 irrogatis:

161 1672 194 1723 ut
215 1674 289 1724 essct
307 1684 358 1726 cos
380 1668 555 1745 appellando
578 1668 697 1740 ebrios,
717 1666 845 1737 bestias,
868 1667 984 1731 taraus,
1012 1665 1165 1741 latrones,

160 1747 322 1821 veneficos,
342 1751 500 1811 scelestos:
523 1759 575 1811 aut
590 1761 689 1831 gestus
712 1768 816 1811 eorum
838 1747 1049 1809 contumeliose
1066 1749 1166 1825 expri-

161 1833 288 1903 mendo,
314 1842 365 1892 out
390 1835 454 1895 aliis
478 1834 576 1894 uerbis
597 1834 774 1914 preferendo
793 1833 900 1911 quibus
923 1850 1041 1910 grauem
1057 1834 1164 1893 moles·

107 1933 111 1938 ·
161 1916 232 1974 tiam
247 1916 289 1975 eis
304 1915 515 1978 exhibuissent.
530 1920 642 1979 Vocare
654 1928 753 1979 eutem
767 1936 817 1978 coe
834 1934 938 1989 senes,
956 1918 1088 1995 ignaros,
1103 1926 1166 1976 stu-

161 1999 263 2075 pidos,
280 2009 336 2059 ete.
358 2018 417 2060 non
431 2001 520 2062 debet
537 2002 671 2063 absalme
693 2001 881 2064 condemnari
902 2000 940 2060 tle
955 2009 1071 2077 peccato
1086 2017 1166 2059 mor-

161 2082 212 2143 tali
220 2128 231 2159 ,
247 2083 302 2143 nisi
321 2092 392 2143 tune
411 2084 479 2146 cbm
494 2086 538 2146 illi
555 2087 686 2165 graviter
699 2085 931 2147 offenderentur.
944 2087 1074 2145 ¹Notetur
1085 2083 1165 2164 qnbd

160 2165 228 2227 etim
246 2169 299 2229 lllii
315 2179 471 2249 parentum
490 2170 620 2231 debitam
639 2172 787 2231 rationem
798 2188 858 2230 noa
876 2167 1055 2241 habuerint,
1069 2177 1166 2228 tenen·

160 2261 211 2311 tur
228 2253 329 2314 lesum
342 2252 487 2332 bonorem
500 2255 542 2315 eis
556 2255 733 2327 restituere,
748 2255 866 2314 veniam
878 2254 915 2312 ab
927 2255 968 2312 eis
979 2251 1165 2330 postulanda,

160 2337 250 2396 etiem
263 2354 362 2397 coram
374 2336 411 2397 iis
422 2381 431 2409 ,
443 2338 475 2398 in
497 2348 625 2416 qnorum
641 2346 760 2417 aspectu
777 2338 831 2398 lilii
843 2346 1009 2416 peccarunt.
1023 2333 1165 2396 Nonnulli

159 2429 259 2486 eutem
282 2420 449 2482 confessarii
474 2420 580 2503 partim
598 2424 676 2483 cauti
696 2423 729 2483 in
751 2440 787 2483 eo
809 2440 875 2483 casu
893 2438 947 2498 pro
973 2418 1168 2479 satisfactione

161 2506 319 2583 imponunt
334 2503 423 2577 filiis,
446 2514 481 2565 ut
492 2505 560 2566 etim
576 2507 701 2567 demum
723 2505 934 2585 pervenerint,
955 2502 1042 2584 pedes
1059 2519 1167 2579 pareu-

163 2596 226 2650 tum
243 2589 503 2661 deoscularentur,
522 2598 553 2648 et
574 2591 724 2651 absolutas
743 2589 918 2663 dimittunt,
938 2588 987 2647 scal
1008 2586 1050 2645 illi
1067 2591 1166 2664 postea

160 2671 216 2738 hac
240 2672 404 2751 adimplere
418 2691 478 2734 non
500 2680 625 2746 curant,
650 2683 681 2735 et
700 2690 811 2735 novum
828 2683 976 2750 peecatum
992 2670 1166 2729 admittunt.

159 2757 256 2818 Satius
269 2765 313 2817 est
329 2766 475 2818 curarent
486 2764 556 2818 ante
568 2758 783 2820 absolutionem
801 2755 876 2816 barre
892 2756 1008 2814 reniam
1021 2761 1142 2830 poscant
1158 2797 1167 2821 ,

161 2840 211 2901 sed
229 2841 301 2917 quin
317 2841 360 2899 eis
376 2842 546 2917 imponatur
561 2852 596 2902 ut
615 2843 724 2919 pedes,
744 2850 796 2901 aut
821 2858 942 2899 manum
965 2838 1169 2897 deoscularen-

160 2934 232 3000 tur3
249 2923 316 3000 quia
330 2923 373 2982 illi
392 2924 467 2995 filii,
484 2926 592 3002 quibus
605 2924 663 2986 boe
680 2922 993 2987 iaciendicnnsuetado
1004 2939 1167 2999 numquam
1250 2982 1252 2987 ,

161 3010 238 3077 luit,
261 3005 424 3067 diffieilime
440 3005 496 3068 hoe
512 3018 710 3086 exequuntur.
730 3009 762 3070 Si
785 3017 885 3067 autem
902 3025 963 3066 nen
981 3006 1070 3082 possit
1087 3022 1169 3064 eom-

163 3090 250 3152 modir
266 3088 314 3149 bie
329 3097 411 3150 aetus
426 3091 536 3151 abillis
556 3094 651 3172 exigi,
672 3101 707 3154 ut
722 3093 841 3153 veniam
860 3089 1009 3168 postulent
1027 3098 1095 3148 ante
1115 3088 1171 3147 ab·

161 3178 363 3248 solutionem,
383 3193 444 3235 non
459 3175 631 3254 imponatur
651 3176 708 3238 hnc
727 3177 782 3237 suh
794 3177 877 3255 pravi
899 3173 1099 3253 obligatione,
1116 3171 1170 3231 eccl

162 3260 262 3339 petitis
285 3270 319 3321 ut
334 3260 490 3320 consilium
506 3261 695 3334 insinnetur,
719 3260 792 3322 dem
821 3258 900 3320 certic
922 3265 1168 3336 praesumuntur,

162 3344 266 3403 saltem
281 3352 316 3403 ut
336 3341 516 3423 plurimum,
538 3353 676 3423 parentes
699 3345 853 3406 remittere
878 3341 948 3402 liliis
964 3340 1039 3401 hane
1058 3338 1171 3418 obliga·

160 3428 289 3496 tionem,
302 3445 340 3486 ne
355 3427 409 3490 lilii
421 3426 531 3506 iterinn
546 3428 577 3487 in
592 3430 646 3488 Dei
657 3428 798 3489 eliensem
810 3428 973 3486 incurrant.

199 3512 248 3569 ut.
266 3510 296 3568 Si
310 3509 410 3569 contri
423 3512 603 3572 conlitentur
617 3523 773 3592 parentes,
793 3511 1012 3589 interrogentur
1028 3508 1057 3570 l.
1070 3506 1102 3567 Si
1116 3524 1171 3567 ne·

164 3593 308 3673 gligentes
325 3592 480 3658 inermia
495 3593 565 3657 liliis
577 3595 735 3661 educandis
749 3639 758 3669 ,
771 3613 832 3655 non
853 3593 982 3655 curando
1003 3599 1038 3652 ut
1058 3591 1169 3651 doetri-
