2642 4167
136 263 193 327 tto
404 255 516 321 resse
533 246 716 336 corasessarii.
737 255 809 335 Cup.
825 255 875 315 il.

134 369 319 426 crementum
337 370 401 433 est,
419 369 448 421 ct
460 358 529 420 aare
549 359 658 418 dicitnr
671 403 679 428 ‚
693 353 807 436 future
825 350 928 436 ptores
939 356 1059 436 pipare.
1079 357 1139 416 Du-

135 449 233 510 mimis
248 457 345 507 tectam
360 454 424 516 est,
441 444 513 522 quid
527 440 654 521 amplius
677 443 784 500 times?
802 440 903 499 Exultat
918 441 1047 526 ,ir-ater,
1061 442 1143 500 Deua

135 532 188 592 tibi
209 531 280 590 dare
305 531 370 590 vult
389 528 577 606 paradisum,
602 526 728 603 ideoque
751 533 844 585 totum
865 541 895 583 se
917 524 970 584 tibi
993 524 1141 601 impertiri

135 616 270 694 dignatos
293 623 358 689 est,
382 615 430 672 die
454 610 524 690 crgd
543 633 551 669 ε
573 613 720 669 Dominus
747 625 852 678 meus,
877 625 961 667 umor
984 624 1089 680 meus,
1110 616 1142 669 te

135 700 305 779 amplector.
327 698 392 757 Tibi
413 697 519 774 gratias
535 713 606 772 ugo,
629 702 657 754 te
679 711 764 764 umo,
784 700 814 751 et
835 693 866 751 in
886 699 1030 752 ueternum
1050 699 1143 753 mete

135 793 302 844 amaturum
323 801 404 860 spem
426 781 540 841 habco:
561 797 608 839 me
628 780 753 858 poenitet
770 787 800 838 te
819 777 996 848 offendisse,
1014 786 1045 838 ct
1062 795 1142 838 nane

136 867 281 947 quidquid
301 867 373 927 mihi
394 874 526 945 superest
546 865 633 936 vitre,
657 865 688 922 iu
709 871 795 922 tuum
817 878 951 933 amorem
970 861 1142 940 impendere

136 952 262 1013 firmiter
281 969 426 1030 propono.

174 1038 243 1098 279.
259 1038 325 1096 lesu
346 1037 403 1104 mi,
415 1034 504 1095 vitam
516 1050 611 1092 meam
624 1032 654 1091 in
672 1031 873 1092 holacaustum
887 1031 1014 1091 libenter
1029 1030 1141 1104 aliero,

136 1124 160 1183 si
182 1121 234 1181 tibi
257 1122 352 1199 placet
373 1138 438 1178 eam
460 1117 535 1179 mibi
559 1118 684 1176 anferre.
700 1118 764 1176 Fiat
785 1134 900 1195 semper
921 1116 1055 1174 voluntas
1079 1124 1141 1175 tue.

31 1246 35 1263 .
136 1209 269 1268 Sanctam
292 1205 559 1282 perseverantiam,
582 1219 713 1260 amoram
737 1210 821 1260 tuam
840 1199 914 1259 mibi
935 1197 1050 1259 tantbm
1072 1216 1143 1259 oon·

137 1290 240 1352 cedere
260 1307 379 1368 precor,
401 1290 439 1346 ita
460 1296 494 1346 ut
516 1284 641 1345 amando
663 1296 692 1344 te
708 1286 838 1344 animam
851 1284 963 1354 cidem,
978 1292 1012 1342 ut
1025 1284 1151 1343 veniam

137 1377 174 1438 ud
197 1387 225 1436 tc
250 1393 365 1452 semper
387 1370 545 1432 uniondum
572 1373 602 1430 in
622 1371 706 1430 aoelo.
723 1371 768 1428 Tu
788 1387 836 1429 me
853 1386 913 1430 non
931 1366 1067 1440 deseres,
1088 1386 1143 1446 ego

137 1480 197 1522 non
218 1461 348 1520 deseram
368 1467 414 1529 te,
433 1454 503 1535 ergd
526 1458 605 1517 Deus
627 1456 735 1514 aninaae
755 1471 848 1528 meae,
870 1456 902 1515 iu
923 1459 1068 1514 eternum
1088 1466 1161 1513 nus‘

138 1546 264 1606 invicem
283 1542 451 1621 diligemus.
1196 1542 1199 1547 ’

370 1695 423 1755 lll.
439 1691 524 1790 Circe
539 1693 713 1754 Extremam
729 1691 909 1755 discussam.

177 1877 244 1938 975.
268 1812 428 1937 Excussa
456 1871 581 1946 Unctio,
607 1869 652 1932 uti
674 1880 719 1931 est
743 1871 883 1932 ultimum
902 1873 1145 1945 Sacramentum,

139 1962 179 2020 ita
208 1978 243 2019 ex
266 1962 306 2018 D.
335 1955 447 2016 Thomu
469 1962 513 2013 cst
535 1954 604 2013 vitoe
629 1956 792 2032 spiritualis
814 1973 945 2030 corana3
971 1958 1032 2034 ipsa
1054 1957 1147 2017 homo

140 2045 294 2112 rotradus,
321 2040 357 2098 ad
382 2039 528 2097 coelestcm
560 2040 686 2115 patriam
715 2039 828 2118 ingredi
855 2040 1033 2119 disponitur.
1061 2043 1148 2101 Unde

139 2130 360 2188 Sacramentum
379 2122 454 2192 hae,
470 2122 542 2181 duna
562 2132 690 2199 aegrotus
712 2135 812 2184 mente
833 2127 924 2204 pollet
936 2171 945 2198 ‚
958 2137 992 2185 ut
1011 2126 1038 2184 ei
1052 2126 1148 2204 magis

140 2213 253 2291 prosit,
276 2227 351 2287 opus
369 2217 413 2266 est
433 2217 466 2266 ut
483 2208 670 2278 conseratur,
685 2211 846 2285 quonism,
860 2209 928 2272 licet
944 2210 1070 2270 conierri
1083 2227 1148 2270 nou

140 2297 246 2375 possit,
268 2295 323 2354 nisi
344 2310 432 2369 grave
454 2293 558 2350 mortis
578 2294 743 2368 perieulum
767 2293 880 2372 (saltem
902 2293 1065 2373 probabile)
1089 2295 1149 2353 im·

140 2383 251 2442 mineat
275 2379 321 2455 (ut
342 2378 373 2436 in
395 2386 493 2436 nostru
513 2377 615 2436 lioruli
635 2373 656 2438 l.
677 2380 706 2438 ti.
724 2397 756 2439 o.
777 2380 845 2439 m.
863 2378 941 2441 Dub.
959 2379 1023 2456 4.),
1045 2390 1147 2440 mareu

139 2465 177 2524 ad
196 2464 337 2524 ultimum
357 2463 425 2521 vitae
446 2460 615 2521 discrimen.
628 2461 749 2540 prorsus
770 2463 970 2524 differendum
992 2482 1051 2523 non
1075 2471 1146 2539 est3

141 2547 162 2608 i.
179 2567 205 2609 c.
220 2546 337 2608 Advert.
355 2549 384 2605 l.
406 2547 489 2605 Unde
505 2546 547 2605 eit
557 2546 757 2607 catechismus
769 2550 918 2609 Romanus
930 2547 957 2628 §.
970 2550 1000 2609 9.
1016 2549 1149 2626 graviter

140 2653 260 2715 praestare
277 2631 418 2712 parochos
438 2632 521 2705 illos,
535 2633 586 2709 qui
605 2634 761 2693 conserunt
772 2635 939 2694 Extremam
953 2635 1145 2708 Unctionem,

142 2719 259 2800 quando
270 2720 349 2778 nulla
360 2718 441 2777 adest
450 2735 515 2794 spes
525 2720 594 2777 vitm
606 2726 638 2778 et
648 2726 776 2795 aegrotus
783 2717 844 2796 jam
856 2720 991 2798 privatur
1000 2716 1145 2777 sensibus.

180 2804 248 2863 ate.
275 2805 394 2879 AEgrotu
423 2802 556 2869 sacerdos
584 2803 707 2862 suadere
737 2802 874 2874 studeat,
903 2802 983 2880 qudd
1011 2804 1152 2861 Extrema

139 2887 268 2959 vtinctio,
285 2887 309 2945 si
333 2887 438 2945 anime
461 2886 615 2963 prolatura
637 2888 718 2957 erit,
739 2887 827 2947 etium
853 2887 889 2945 ad
913 2884 1044 2963 corporis
1067 2884 1151 2943 sani·

142 2980 231 3031 tatem
251 2971 380 3041 eonicrt,
399 2979 432 3030 ut
447 2971 571 3030 Tridcnt
587 2988 661 3032 sess.
683 2974 731 3031 ll.
751 2991 817 3054 cop.
838 2974 867 3032 2.
888 2969 1041 3031 Interdum
1063 2968 1152 3029 soni-

143 3064 232 3116 totem
253 3055 382 3137 corporis
406 3055 592 3134 canaequitur
606 3054 620 3128 ,¹
644 3055 698 3118 ubi
724 3056 818 3118 solerti
842 3058 951 3118 enimse
974 3054 1149 3137 expedierit.

143 3143 210 3202 llere
229 3150 326 3201 tamen
346 3140 453 3200 sanitas
467 3158 528 3200 non
547 3142 714 3214 confertur,
731 3142 799 3202 eiam
820 3144 993 3203 naturaliter
1013 3142 1153 3219 impossi-

68 3296 75 3309 θ
142 3225 202 3287 bile
220 3227 258 3285 sit
272 3224 380 3285 iterdm
393 3225 508 3286 restitui
528 3226 565 3286 ad
580 3227 717 3286 salutem.
729 3229 771 3286 Dc
784 3227 912 3305 quodam
929 3226 991 3304 jam
1008 3225 1153 3286 defuncto

142 3312 233 3371 reiert
250 3312 382 3371 loanrres
399 3307 547 3383 druidas,
569 3308 650 3370 bunc
673 3314 834 3383 revelasse,
849 3310 928 3388 qudd
941 3312 965 3370 si
979 3313 1153 3370 Extremam

143 3394 318 3453 Unctionem
339 3392 421 3473 priris
446 3396 621 3474 accepisset,
644 3397 744 3455 sotum
766 3395 783 3456 d
804 3396 910 3456 morbo
934 3395 1154 3471 convaluisset3

141 3478 193 3534 sed
216 3479 287 3552 qnia
308 3478 479 3554 distulerat,
498 3478 564 3540 idcd
584 3480 645 3540 vitd
662 3480 817 3540 defunctus
835 3488 915 3549 erat,
935 3488 965 3538 et
983 3477 1021 3538 ad
1040 3495 1156 3555 purga·

142 3558 212 3615 torii
222 3560 321 3633 ignem
330 3571 448 3621 eentum
460 3565 544 3624 annis
554 3563 719 3624 damnatus.
731 3563 882 3638 Secundo,
895 3565 1031 3624 Extrema
1043 3560 1157 3623 Unctio

144 3647 330 3713 peccatorum
350 3645 490 3722 reliquias
510 3650 663 3724 remittet,
685 3658 716 3710 ut
733 3667 787 3728 per
806 3647 1059 3728 consequensipsa
1082 3663 1153 3725 poe-
