2642 4167
500 260 779 326 Demeasionciit's.
1102 270 1142 331 tto
1225 249 1229 258 ’

130 369 244 430 sionem
269 366 440 445 proximam
464 363 523 424 nisi
546 380 609 424 eam
626 364 657 423 in
680 382 738 441 qua
761 361 852 425 bomo
867 362 929 425 scre
941 382 1058 445 semper
1070 413 1079 440 ,
1093 370 1141 430 rel

132 463 167 515 ut
189 449 355 531 plurimdm
380 447 542 523 ceciderit3
560 447 611 508 scd
628 448 817 510 communior
833 455 864 509 et
879 450 979 511 verior
996 455 1140 514 sententia

131 539 237 608 dccet,
260 535 444 595 occasionem
465 533 629 612 proximam
649 550 712 592 esse
734 532 814 592 illam
837 532 869 593 in
893 554 950 612 qua
971 536 1141 615 frequenter

131 623 200 700 quis
211 620 343 698 peccarit
353 615 387 695 (i.
401 620 432 679 6.
443 634 475 678 n.
493 617 800 694 ibi.).Verumtamen
817 618 1048 693 advertendum,
1060 624 1140 701 qubd

130 709 209 768 sicut
224 702 385 782 aliquando
403 703 514 762 occasio
531 720 597 779 quae
613 711 747 778 respectu
759 701 795 761 ad
806 703 1082 769 alioscommuuiter
1096 718 1141 771 est

127 785 432 872 proxima,respectu
453 786 526 847 verb
547 787 583 846 ad
605 785 735 862 aliquem
758 786 843 846 valde
866 789 949 866 pium
970 800 1001 851 et
1019 802 1138 855 cautum

127 883 302 954 potestesse
316 881 429 934 remota
447 868 567 949 (ibid),-
584 872 623 930 ita
639 868 740 930 contib
754 871 886 948 quedam
899 875 1139 955 occasionesque

125 966 264 1037 respectu
285 957 322 1017 ad
346 957 419 1016 alios
438 957 638 1015 communiter
660 972 714 1031 per
734 972 765 1015 se
785 964 881 1016 cssent
902 968 1043 1031 remotae,
1062 961 1139 1026 sorte

125 1050 217 1106 crunt
232 1044 375 1121 proximae
394 1048 528 1118 cospectu
551 1039 588 1099 ad
605 1040 734 1115 aliquem
750 1040 801 1116 qui
815 1050 937 1118 propter
954 1047 1138 1121 experimen·

124 1138 193 1189 tum
213 1128 406 1204 relapsuum,
426 1133 456 1183 et
477 1133 601 1201 propter
621 1140 743 1200 gravem
763 1125 983 1186 inclinationem
999 1129 1029 1187 in
1043 1131 1138 1207 quod·

123 1212 194 1272 dam
213 1212 322 1271 vitium
343 1209 520 1288 (praesertim
539 1207 563 1267 si
583 1217 627 1268 est
642 1207 740 1284 turpe)
756 1209 848 1268 sactus
869 1217 913 1270 est
932 1212 1017 1272 valde
1031 1213 1135 1278 debilis

123 1304 157 1360 ct
175 1296 267 1354 facilis
283 1294 320 1353 ad
336 1293 516 1367 labendum3
534 1298 563 1351 et
582 1300 652 1354 tctnc
670 1294 725 1352 istc
738 1294 887 1356 tenebitur
898 1293 933 1353 ad
946 1299 1137 1359 removendas

122 1397 187 1441 nou
204 1376 322 1439 tantum
341 1377 505 1438 occasiones
526 1377 697 1452 proximas,
718 1376 769 1436 sed
792 1379 881 1438 etiam
902 1377 967 1440 illas
986 1390 1134 1458 remotas,

122 1482 193 1545 quae
214 1473 351 1541 respectu
375 1461 421 1521 sui
443 1460 586 1539 proximae
607 1460 747 1520 evadunt.

164 1551 213 1610 ot.
225 1546 392 1616 Caeterdm,
414 1552 459 1605 est
470 1545 591 1622 quidem
606 1545 637 1604 in
660 1545 808 1605 occasione
825 1547 958 1625 proxima
972 1550 1001 1609 l.
1015 1550 1070 1610 ille
1084 1552 1135 1628 qui

121 1634 233 1696 retinet
252 1633 283 1692 in
305 1631 426 1710 propria
438 1630 526 1689 domo
537 1629 668 1706 aliquam
679 1629 830 1690 suminam
844 1649 971 1707 quacum
984 1651 1061 1711 sape
1071 1652 1136 1696 rem

25 1749 27 1758 ν
121 1718 241 1779 babuit.
258 1719 289 1777 ἢ.
305 1716 358 1775 llle
376 1715 428 1792 qui
445 1715 616 1790 frequenter
639 1714 670 1774 in
695 1713 766 1773 ludo
789 1715 926 1792 prorupit
947 1714 978 1774 in
1001 1717 1136 1796 blaspbe-

119 1805 219 1874 mias,
241 1811 294 1860 aut
313 1799 442 1859 sreudcs.
456 1801 486 1859 5.
503 1799 556 1858 llle
577 1798 679 1875 quiin
700 1798 798 1874 aliqua
821 1815 950 1875 caupona
974 1809 1024 1862 aut
1046 1803 1134 1867 domo

119 1905 201 1966 saepe
213 1904 247 1946 se
260 1884 469 1953 inebriaverit,
481 1893 533 1960 put
546 1882 686 1944 ceciderit
699 1885 731 1942 in
746 1882 841 1952 rixas,
855 1884 902 1942 vel
912 1894 1011 1958 ectus,
1026 1888 1132 1964 verbo,

121 1982 174 2032 aut
195 1970 390 2047 cogitationes
414 1968 573 2027 obseoenas.
592 1965 684 2027 Porrd
703 1985 805 2026 omnes
826 1967 873 2027 isti
893 1968 1004 2031 absolvi
1024 1991 1135 2052 neque·

120 2067 199 2125 unt,
219 2056 276 2114 nisi
299 2062 455 2132 postquam
473 2053 654 2113 occasionem
678 2052 871 2125 abstulerint,
886 2064 937 2114 aut
955 2057 1058 2116 saltem
1075 2061 1131 2120 nisi

119 2141 240 2200 ouicrrc
261 2138 453 2215 promittant,
466 2135 550 2214 juxta
572 2136 811 2207 distinctionem,
824 2154 890 2214 quae
902 2137 953 2198 liet
965 2141 996 2200 in
1007 2160 1131 2205 numero

120 2223 330 2301 subsequenti.
350 2223 385 2280 lit
407 2220 447 2280 ita
468 2220 580 2297 pariter
599 2237 660 2280 non
687 2229 782 2297 potest
801 2220 912 2282 absolvi
932 2225 982 2299 qui
1002 2226 1132 2302 aliquam

120 2311 248 2370 domum
268 2306 422 2375 adeundo,
437 2304 572 2383 quamvis
589 2306 681 2364 semel
702 2306 734 2365 in
755 2323 853 2376 anno,
877 2325 992 2385 semper
1007 2309 1048 2370 ibi
1064 2330 1131 2390 pec·

120 2394 202 2456 cavit
214 2393 309 2468 3=talis
328 2390 408 2449 cnim
433 2390 529 2448 aditus
546 2388 609 2464 jam
635 2390 690 2467 ipsi
713 2392 846 2468 proxima
868 2401 911 2450 cst
934 2394 1055 2456 occasio.
1070 2397 1131 2456 Nec

120 2479 214 2538 ctiam
237 2474 349 2535 absolvi
368 2483 491 2551 possunt
513 2475 563 2551 qui
588 2473 703 2534 tametsi
726 2476 758 2534 in
784 2475 934 2548 occasione
955 2479 1042 2553 positi
1069 2497 1130 2540 non

118 2563 282 2629 labantur,
292 2556 418 2618 afferunt
430 2569 527 2617 tamen
538 2557 601 2617 aliis
613 2577 701 2635 grave
714 2559 882 2619 scandalum
892 2558 968 2635 (cit.
979 2562 1008 2619 6.
1017 2579 1049 2619 n.
1059 2564 1128 2622 452.

118 2662 199 2706 cera.
219 2644 270 2702 Ec
290 2640 484 2721 promissis).
501 2641 622 2701 Addunt
645 2642 736 2717 aliqui
759 2643 823 2700 DD.
844 2639 947 2717 ploitt.)
967 2644 1130 2718 negandam

116 2744 243 2807 quoquo
263 2725 476 2785 absolutionem
496 2726 539 2784 illi
561 2725 612 2802 qui
632 2725 813 2783 occasionem
832 2731 985 2781 externam
1004 2743 1065 2787 non
1084 2746 1129 2790 re·

117 2819 242 2881 movet,
264 2810 289 2868 si
309 2828 377 2869 cum
399 2810 549 2871 occasione
570 2805 762 2883 conjungitur
781 2804 899 2865 habitus
916 2807 1058 2882 vitiosus,
1079 2822 1130 2873 aut

86 2921 98 2966 ,ἢ
117 2911 231 2972 magua
251 2894 391 2967 tentatio,
410 2911 460 2953 seu
482 2891 640 2952 vehemens
657 2891 771 2968 passio,
793 2892 927 2968 quamvis
952 2910 1044 2970 usque
1059 2905 1130 2958 tunc

117 2980 151 3040 in
170 2996 208 3037 ea
222 2979 373 3037 occasione
390 2995 543 3055 nunquam
563 2977 726 3054 peccaverit
738 2997 747 3050 ς
759 2994 828 3036 nam
849 2975 932 3036 facile
944 2975 1050 3037 deinde
1063 2997 1129 3057 pec·

116 3079 193 3123 care
210 3062 338 3138 poterit,
355 3063 380 3121 si
399 3062 436 3121 ab
453 3062 603 3120 occasione
621 3078 652 3119 se
665 3077 724 3118 non
743 3061 898 3122 amoverit.
915 3062 990 3122 liine
1008 3061 1129 3140 dicunt,

95 3143 207 3225 aqubd
225 3144 250 3203 ai
276 3162 411 3222 unquam
431 3145 529 3221 aliqua
545 3145 653 3205 famula
673 3152 836 3210 tentaretur
851 3144 889 3203 ab
906 3142 999 3216 hero,
1018 3156 1048 3206 et
1067 3148 1128 3226 ipsa

115 3247 151 3289 se
169 3227 289 3288 noverit
300 3229 416 3287 laeilem
433 3230 469 3287 ad
488 3228 665 3300 labendum,
679 3229 716 3288 ab
730 3247 762 3289 ea
776 3230 865 3288 domo
881 3229 1035 3289 abscedere
1047 3239 1129 3293 tene·

117 3322 197 3384 tur,
220 3311 246 3370 si
271 3312 426 3373 commode
451 3320 567 3390 potest,
591 3314 722 3390 alioquin
747 3313 858 3373 temere
883 3326 1072 3389 praesumeret
1097 3336 1129 3384 sc

116 3413 256 3455 securem
264 3394 385 3456 babere.
398 3399 434 3457 Et
445 3395 494 3456 bic
503 3407 622 3456 caveant
632 3398 800 3458 contusam
811 3397 827 3456 b
838 3399 1034 3475 permittendo
1046 3419 1129 3479 spon·

117 3479 161 3537 sis
178 3476 284 3539 domos
304 3497 478 3557 sponsarum
501 3480 643 3556 adire‚=ct
663 3481 766 3558 puellis
786 3498 946 3557 carumque
959 3486 1129 3558 parentibus

118 3579 246 3644 sponsos
265 3563 299 3623 in
322 3562 446 3623 domum
468 3563 643 3633 admittere,
662 3564 729 3641 quia
750 3563 818 3624 6666
839 3564 937 3623 evenit
956 3564 1035 3642 qudd
1058 3569 1129 3630 tales

118 3646 222 3724 sponsi
242 3664 304 3711 non
327 3646 482 3723 labantur,
503 3648 605 3710 saltam
625 3650 657 3709 in
679 3647 850 3721 verba,aut
863 3648 1049 3729 cogitationes
1064 3659 1127 3711 tur·
