2642 4167
204 220 242 283 ts
308 201 311 204 ¹
494 221 605 282 Paucis
622 217 806 301 confessarii.
821 220 894 302 Cap.
906 222 935 283 i.

242 313 293 385 ot.
311 322 445 383 Diximus
465 318 616 380 ordinarit
634 316 800 400 loquendo,
820 338 890 384 nam
912 320 1011 397 plures
1032 338 1113 381 casus
1132 323 1206 384 exci-
1234 354 1237 370 ε

203 408 328 486 plantor
341 403 356 465 b
371 408 433 465 bb.
447 402 480 484 (l.
492 407 522 464 o.
536 423 569 465 η.
584 405 654 465 tos.
670 423 700 464 o.
714 403 792 465 Dici
800 402 922 482 toraca.)
938 404 970 465 in
989 405 1096 482 quibus
1114 407 1205 485 poeni·

201 501 267 550 tens
296 490 406 550 absolvi
428 498 551 568 potest,
581 499 739 567 antequam
768 489 947 549 occasionem
975 492 1142 550 removerit.
1170 495 1204 554 Et

201 575 346 652 excipitur
367 576 398 633 l.‘
420 592 501 634 casus
515 574 548 633 in
572 592 631 651 quo
656 573 802 652 poenitens
822 573 891 632 talia
909 572 1027 632 afferret
1045 576 1205 636 extraordi-

200 659 282 718 naria
301 659 382 735 signu
403 657 534 727 doloris,
555 667 590 717 nt
618 656 783 736 prudenter
798 654 925 733 judicari
949 658 1039 734 possit
1062 658 1125 735 ipse
1146 678 1204 722 non

199 759 260 801 csse
282 739 409 820 amplids
430 743 461 801 in
478 742 613 819 proximo
636 740 769 818 periculo
792 741 944 817 frangendi
967 743 1150 818 propositum
1167 743 1203 804 de

198 825 326 887 tollenda
349 827 522 902 occasione3
547 835 619 886 ωηο
635 827 715 885 cuitu
736 827 818 903 signa
842 827 892 887 illa
910 825 1041 886 iudicant
1059 828 1204 903 poenitcu‘

197 919 259 970 tem
281 910 422 969 donatum
440 910 528 969 luisse
546 910 679 970 uberiori
704 911 825 987 pretii,
855 912 912 987 qud
942 909 1048 973 meritb
1070 921 1202 990 speratur

196 991 276 1073 quod
297 994 329 1052 in
349 994 528 1055 removendo
545 996 694 1054 occasione
721 1004 855 1054 constans
873 996 942 1056 erit.
966 997 1199 1070 Verumtamen,

197 1096 315 1155 semper
336 1096 369 1136 ac
393 1077 538 1140 absolutio
560 1075 716 1138 commode
738 1076 851 1138 differri
883 1087 1006 1156 posset,
1029 1089 1100 1139 tune
1121 1080 1201 1141 illam

197 1164 286 1223 etiam
297 1163 324 1222 ei
335 1162 503 1232 differrem,
528 1180 621 1240 usque
633 1160 707 1222 dum
725 1180 793 1222 cnm
809 1161 914 1222 ellectu
928 1163 1109 1224 occasionem
1122 1166 1202 1225 ause-

195 1255 254 1307 rat.
272 1248 424 1325 Excipitur
446 1249 476 1307 2.
494 1264 576 1306 casus
594 1247 627 1306 in
646 1264 707 1324 quo
726 1246 872 1324 poenitens
889 1264 950 1306 non
978 1248 1069 1325 possit
1083 1248 1199 1321 redire,

195 1332 243 1393 vel
263 1332 381 1392 nonnisi
404 1340 471 1409 post
488 1332 617 1390 multum
638 1338 754 1409 tempus
766 1352 777 1405 3
791 1340 862 1390 tnnc
873 1330 948 1392 bend
962 1341 1055 1408 potest
1069 1332 1198 1408 absolvi,

194 1415 220 1476 si
241 1422 375 1475 censetur
394 1414 469 1476 beni
485 1415 643 1493 dispositus
655 1432 709 1491 per
720 1417 903 1491 propositum
918 1417 1016 1475 statim
1029 1418 1198 1480 removendi

194 1500 392 1577 occasionem
412 1499 552 1577 quoniam
571 1517 607 1558 eo
627 1516 697 1559 casu
712 1500 877 1575 periculum
898 1499 1051 1577 frangendi
1066 1505 1200 1579 proposi·

193 1590 281 1655 tum,
309 1595 458 1644 remotum
478 1591 660 1661 reputatur.
683 1583 767 1642 must
788 1585 885 1660 magni
908 1585 1007 1643 oneris
1031 1586 1111 1664 quod
1139 1604 1199 1665 poe·

194 1669 293 1729 nitens
318 1668 440 1728 deberet
458 1668 517 1746 pati
526 1713 535 1742 ‚
558 1666 740 1727 abscedendo
754 1666 818 1727 sine
831 1667 1036 1736 absolutione,
1052 1677 1105 1729 aut
1120 1689 1199 1750 repe·

93 1777 95 1781 ·
193 1752 274 1812 tendi
289 1753 500 1812 consessionem
516 1750 594 1828 apud
612 1751 705 1812 alium
718 1750 912 1819 sacerdotem,
926 1760 977 1810 aut
990 1749 1042 1811 diu
1060 1754 1197 1815 manendi

192 1838 257 1897 siue
272 1838 364 1914 gratia
384 1837 572 1896 sacramenti.
586 1836 771 1914 Quapropter
789 1834 857 1894 crim
877 1835 926 1895 ille
942 1837 981 1895 sit
994 1844 1068 1896 ωηο
1082 1839 1114 1897 in
1127 1858 1200 1917 qua·

191 1920 261 1980 dom
281 1920 386 1980 morali
405 1922 574 1980 necessitate
594 1918 756 1998 recipiendi
782 1918 1020 1991 absolutionem,
1040 1932 1197 2000 antequam

193 2005 373 2065 occasionem
389 2005 489 2076 tollat,
511 2003 600 2064 habet
618 2002 668 2080 jus
690 2012 726 2062 nt
747 2005 846 2063 statim
865 2004 1145 2085 absolvatur·(1bid.
1167 2027 1195 2084 a.

191 2086 468 2170 Ecdpieadusi.),·
490 2087 563 2148 duim
585 2090 665 2149 cuim
686 2086 814 2148 hicnon
835 2098 930 2166 potest
952 2099 1023 2148 ante
1036 2090 1197 2152 absolutio·

191 2191 260 2234 nem
286 2174 466 2233 occasionem
483 2173 619 2244 auterre,
640 2180 774 2231 censetur
798 2191 831 2231 ac
852 2174 877 2232 si
895 2185 970 2233 esset
989 2175 1022 2233 in
1048 2178 1197 2239 occasione

191 2258 361 2317 neccssaria.
388 2257 445 2318 Sed
466 2256 523 2318 boc
553 2275 607 2318 uec
636 2257 725 2316 etiam
748 2257 985 2331 admittendum,
1004 2258 1029 2317 si
1051 2261 1195 2337 poeniteus

186 2339 250 2417 jam
267 2341 304 2400 ab
324 2342 381 2401 ulio
401 2341 576 2401 confessario
595 2339 666 2402 aliis
687 2340 855 2402 admonitus
875 2342 964 2402 suerit
989 2342 1026 2402 dc
1046 2346 1195 2407 occasione

188 2426 385 2494 removenda,
405 2434 436 2484 et
460 2443 522 2485 non
541 2425 728 2503 impleverit,
749 2426 818 2503 quia
836 2436 907 2484 tunc
930 2423 1055 2485 babetur
1071 2438 1107 2487 ut
1121 2430 1198 2488 reci·

187 2509 291 2585 divos,
318 2519 349 2569 et
372 2507 438 2569 ideal
459 2508 562 2586 nequit
586 2510 722 2579 absolvi,
746 2511 802 2570 nisi
824 2509 944 2569 afferret
962 2510 1193 2574 extraordinaria

90 2645 92 2652 .
186 2594 268 2673 signa
284 2593 414 2660 doloris,
430 2591 520 2672 proiit
537 2593 569 2653 in
592 2589 727 2671 sequenti
747 2595 875 2671 capitulo
897 2594 1039 2656 dicemus.

183 2702 186 2709 ·
225 2680 274 2739 68.
301 2679 363 2738 lloc
393 2677 519 2737 dicimus
542 2677 641 2754 quoad
661 2679 842 2738 occasionem
867 2679 1032 2756 proximam
1057 2679 1193 2741 volunta·

185 2761 284 2837 riam3
302 2773 333 2822 at
354 2763 379 2822 si
401 2763 515 2823 occasio
543 2772 587 2822 cst
612 2764 797 2835 necessaria,
820 2769 872 2821 aut
892 2759 1029 2841 physice,
1053 2773 1150 2840 prout·
1167 2766 1191 2825 si

186 2847 252 2923 quis
269 2847 453 2907 detineretur
473 2847 504 2906 in
533 2864 671 2918 carcere,
695 2847 742 2907 vel
762 2858 836 2906 essct
854 2846 885 2906 in
907 2846 1039 2924 periculo
1068 2849 1189 2919 mortis,
1283 2877 1285 2920 ς

185 2932 216 2991 in
230 2950 289 3011 quo
304 2949 363 2991 non
375 2930 496 2992 haberet
510 2939 625 3010 tempus
638 2940 668 2990 et
687 2929 808 2990 modum
821 2928 958 3006 ejiciendi
970 2931 1165 2991 concubinam
1180 2953 1188 2991 a
1283 2925 1284 2948 ³

183 3012 424 3086 calmontem,
452 3015 484 3074 id
507 3024 574 3085 est,
599 3017 623 3075 si
646 3015 758 3075 occasio
783 3033 843 3073 non
871 3022 966 3093 posset
992 3015 1100 3075 aulerci
1126 3016 1189 3076 sine

183 3100 340 3170 scandalo,
360 3108 411 3159 aut
433 3100 514 3177 gravi
538 3100 646 3158 damno
666 3098 754 3169 vitae,
777 3098 878 3170 santae,
901 3106 953 3157 aut
969 3096 1137 3171 bonorum,
1158 3107 1191 3158 ut

183 3185 379 3245 communiter
400 3183 507 3243 docent
525 3185 588 3243 bb.
605 3181 681 3261 (tit.
695 3185 725 3241 ti.
737 3201 769 3240 a.
784 3181 887 3261 455.);
905 3201 941 3240 co
960 3200 1025 3240 casu
1044 3184 1190 3259 poenitens

182 3268 258 3329 bene
286 3269 396 3330 absolvi
422 3278 542 3346 potest,
562 3269 635 3344 quin
665 3267 845 3327 occasionem
872 3267 1007 3337 unierat,
1027 3267 1095 3345 quia
1119 3275 1190 3324 tunc

183 3369 243 3411 non
266 3360 383 3418 tenetur
404 3371 470 3413 eam
491 3351 671 3427 removcirc3
692 3349 780 3409 modo
801 3352 956 3428 promittat
972 3350 1076 3429 exequi
1092 3348 1189 3408 media

182 3437 339 3495 necessaria
368 3436 406 3497 ad
430 3434 641 3507 efficiendum,
666 3444 700 3494 ut
719 3435 830 3494 occasio
858 3453 895 3494 cx
924 3436 1058 3513 proxima
1083 3431 1189 3492 evadat

181 3526 313 3595 remota,
339 3527 429 3595 prout
446 3529 539 3592 sunt,
563 3518 683 3598 praecise
704 3519 736 3577 in
764 3518 913 3577 occasione
935 3518 1044 3597 peccati
1067 3516 1188 3594 turpis,

179 3601 280 3678 iugero
294 3603 521 3666 familiaritatem
542 3603 712 3682 complicis,
726 3611 757 3663 et
768 3603 858 3663 ctiam
877 3611 1026 3681 aspectum
1040 3597 1187 3679 quantiam
