2642 4167
181 178 238 237 992
366 171 501 255 Epitoanc
521 169 659 232 doctriaoe
675 167 795 231 vaaaotadis
810 175 838 230 et
852 166 998 230 tectonicas

217 271 379 345 Canonici,
400 289 474 349 quos
490 271 649 350 Episcopus
673 270 766 329 mittit
787 270 909 329 Romam
935 267 1079 328 inrisuros
1103 284 1182 328 sacra

177 358 280 417 iimina
297 375 351 417 suo
370 355 490 416 nomine
500 399 509 425 ,
519 354 662 415 velillum
673 354 706 414 cd
717 353 865 413 occasione
878 354 1068 429 comitantes,
1083 350 1183 412 distri·

178 440 313 501 bationes
332 439 517 518 quotidianas
532 456 592 499 non
605 438 763 509 amittunt,
778 446 811 498 ut
824 438 934 516 pluries
947 437 1059 497 censuit
1072 436 1182 497 S.Con·

176 541 257 603 greg.
274 524 318 584 lb.
334 543 366 583 n.
383 524 430 583 59.

216 609 254 667 dt
276 608 299 667 si
319 608 403 667 illam
425 605 655 667 contrectacto
676 605 843 665 visitatione
864 604 1015 676 dioecesis,
1036 605 1061 665 si
1080 621 1182 666 omues

178 692 291 753 fructus
313 693 358 753 sui
383 689 518 751 beneficii
542 691 574 749 in
600 687 859 748 distributionibus
886 689 1064 766 quotidianis
1088 692 1183 751 conai-

178 783 257 841 stant
267 821 274 836 .
286 786 356 836 tunc
366 777 520 834 lucrantur
529 772 601 832 duas
612 774 711 833 tertias
723 781 820 851 partas
832 790 934 833 earum
945 816 953 842 ,
964 773 1048 833 tertii
1060 775 1181 844 amissi,

179 858 245 939 quae
264 858 491 920 inservientibus
510 857 655 918 accrescit.
672 859 714 918 lta
730 876 766 917 ex
783 858 863 918 decr.
876 859 907 917 S.
923 858 955 917 C.
970 858 1013 917 lb.
1030 877 1060 917 a.
1075 861 1124 920 tt.

218 945 259 1004 Ex
274 945 337 1019 lage
348 945 436 1003 Cone.
452 943 536 1002 Trio.
552 959 621 1002 sess.
638 943 687 1001 id.
705 960 730 1002 c.
747 943 795 1002 id.
808 986 817 1012 ,
830 950 951 1020 possunt
968 944 1031 1021 cogi
1050 944 1182 1004 canonici

180 1027 217 1087 ab
234 1026 378 1107 Episcopo
394 1023 569 1096 celebranti,
586 1023 633 1085 ael
651 1023 714 1085 olio
729 1021 919 1105 Pontificolro
935 1027 1080 1086 exercenti
1094 1028 1183 1089 cota

181 1110 253 1186 lere,
268 1119 297 1171 et
308 1112 458 1170 inseruire.
470 1110 561 1171 Porrb
577 1129 613 1170 cx
630 1111 710 1170 decr.
723 1113 754 1170 S.
769 1113 876 1189 Congu.
890 1111 1030 1180 dicimos,
1042 1114 1182 1192 Episcopo

180 1196 212 1255 t'n
229 1194 388 1255 cathedrali
405 1195 562 1255 celebranti
577 1195 608 1254 in
622 1194 841 1254 pontificalibus
855 1196 995 1256 inservire
1010 1198 1103 1256 teneri
1120 1213 1183 1257 om·

181 1297 250 1349 nes,
264 1280 301 1339 iis
319 1280 463 1357 exceptis,
478 1278 529 1357 qui
548 1279 685 1357 legitimis
698 1279 896 1340 vacationibus
907 1280 1024 1339 absunt.
1035 1283 1184 1349 Tenentur

181 1363 252 1425 reeb
272 1365 359 1424 etiam
376 1371 515 1442 praestare
532 1364 573 1422 ilii
593 1381 701 1423 munus
711 1364 881 1423 subdiaconi
893 1385 902 1438 3
915 1365 994 1440 quod
1008 1383 1111 1424 veroin
1123 1375 1183 1436 est,

182 1448 294 1507 etiarnsi
306 1449 463 1524 Episcopus
477 1447 623 1516 celebret,
637 1465 688 1507 seu
704 1448 822 1506 ordines
834 1449 980 1507 ministret
993 1458 1074 1508 extra
1087 1449 1185 1512 cathe-

182 1529 305 1599 dralem,
316 1531 559 1599 intradimccsim,
570 1532 746 1591 etsuburbia
759 1552 767 1605 3
781 1534 1005 1593 tenenturenim
1017 1535 1104 1593 etiam
1116 1544 1185 1596 tane

183 1625 322 1694 praestare
342 1632 449 1674 munus
468 1615 602 1686 diaconi,
623 1616 793 1675 subdiaconi
807 1658 816 1684 ,
830 1616 993 1694 presbytcri
1008 1618 1185 1688 assistentis,

183 1709 214 1777 et
234 1699 361 1761 duorum
382 1701 504 1760 illorum
522 1702 750 1771 canonicorum,
771 1700 821 1776 qui
841 1702 983 1779 Episcopo
1001 1702 1118 1763 ordines
1132 1706 1188 1765 mi·

184 1785 321 1843 nistmnti
337 1802 404 1844 cum
420 1783 626 1846 archidiacono
637 1783 754 1845 adsunt.
768 1785 811 1844 lta
824 1801 860 1844 ex
872 1786 1008 1864 pluribus
1020 1785 1101 1846 decr.
1113 1789 1144 1848 S.
1153 1790 1186 1850 C.

184 1867 228 1929 tt.
247 1887 278 1927 n.
295 1869 344 1929 60.

223 1951 316 2015 Porrb
339 1950 401 2013 baec
425 1955 588 2017 assistentia
610 1953 708 2015 locum
729 1953 818 2014 babet
837 1953 926 2015 etiam
945 1954 1013 2015 cium
1031 1957 1189 2037 Episcopus

183 2038 216 2098 in
233 2037 285 2097 sud
303 2035 461 2096 cathedrali
479 2056 609 2116 praesens
622 2048 666 2097 cst
680 2040 793 2109 atissa,
807 2047 837 2097 et
853 2039 961 2099 divinis
972 2040 1075 2100 officiis
1086 2043 1189 2102 diebus

184 2120 339 2185 dominicis
356 2130 386 2179 et
404 2121 484 2179 sestis
504 2123 593 2180 etiam
613 2139 672 2180 non
689 2121 887 2191 solemnibus,
902 2133 932 2182 et
943 2123 973 2182 in
989 2124 1092 2185 diebus
1105 2126 1189 2186 leria-

185 2205 261 2266 libus
274 2203 514 2282 quadragesimae.
532 2205 617 2277 Quod
632 2223 735 2264 serum
755 2212 799 2263 est
818 2207 925 2275 etiam,
943 2207 1061 2283 quando
1074 2211 1190 2286 Epistu-

186 2308 240 2369 pas
253 2290 282 2348 in
298 2288 362 2348 aliis
376 2287 509 2348 Ecclesiis
522 2289 648 2348 ciuitatis
666 2289 873 2367 pontificaliter
890 2291 1032 2365 celebrat,
1046 2294 1093 2352 ael
1108 2312 1191 2372 para-

186 2386 233 2434 tata
252 2374 358 2433 assistit
378 2392 445 2432 earn
469 2373 613 2452 pluviali,
633 2382 664 2432 et
682 2374 789 2442 mitri,
811 2383 862 2433 aut
883 2392 950 2434 euna
973 2377 1062 2454 eappd
1083 2377 1191 2437 divinis

186 2457 306 2528 officiis,
319 2467 347 2518 et
366 2458 460 2518 missae
476 2458 618 2527 solemni,
633 2459 689 2517 alia
709 2458 887 2518 pontificalia
904 2470 1033 2527 exercet,
1047 2461 1071 2520 si
1092 2470 1191 2522 tamen

187 2560 327 2605 narratores
346 2541 491 2601 sufficiens
509 2543 717 2603 canonicorum
737 2551 767 2602 et
787 2542 991 2603 ministrorum
1013 2544 1044 2604 in
1066 2546 1191 2606 Ecclesid

187 2626 345 2687 cathedrali
360 2635 520 2686 remaneat.
537 2628 577 2686 lta
596 2645 632 2685 cx
649 2626 728 2686 decr.
744 2626 775 2684 S.
789 2626 894 2703 congr.
916 2626 959 2685 lb.

227 2712 333 2771 Valent
355 2713 443 2769 etiam
468 2710 530 2771 haee
557 2711 628 2770 darm
652 2711 812 2787 Episcopus
834 2709 864 2769 in
886 2712 1010 2770 Ecclesid
1033 2711 1192 2774 eatbedmli

188 2796 268 2856 adest
287 2795 419 2855 concioni
439 2795 542 2855 diebus
560 2795 807 2873 qaaaalragesinaae,
829 2803 859 2852 ct
881 2794 945 2853 aliis
970 2796 1046 2854 intra
1069 2815 1192 2858 annum.

187 2884 254 2943 Non
274 2879 345 2940 verb
366 2881 390 2938 si
412 2897 479 2938 eum
502 2881 593 2956 coppi
615 2879 723 2938 assistit
748 2877 904 2949 concioni,
926 2898 992 2956 quae
1012 2877 1138 2940 habetur
1160 2881 1195 2941 in

188 2965 252 3025 aliis
269 2964 401 3023 Ecclesiis
420 2964 561 3031 civitatis,
582 2963 671 3021 etiam
688 2962 840 3037 exemptis.
859 2961 902 3021 lb.
921 2981 952 3022 n.
967 2963 1016 3023 61).

227 3050 261 3110 in
279 3047 326 3107 bis
344 3048 482 3108 omnibus
504 3065 602 3107 rernm
621 3045 847 3106 circumstantiis
873 3048 1025 3118 carroraiei,
1047 3049 1099 3126 qui
1121 3051 1193 3127 Epi·

189 3152 275 3213 scopo
295 3133 476 3199 inserviant,
491 3131 515 3190 si
533 3139 598 3189 actu
616 3130 743 3189 debeant
759 3127 848 3188 clauro
867 3130 1022 3199 interesse,
1037 3149 1098 3191 non
1117 3149 1196 3194 sem·

190 3237 244 3299 per
266 3227 363 3277 tamen
387 3217 522 3276 obtinent
544 3215 776 3275 distributiones.
800 3212 868 3285 ilias
891 3216 970 3273 enim
993 3232 1053 3274 non
1076 3216 1197 3275 lucran-

191 3314 256 3376 tur,
281 3303 337 3362 nisi
360 3299 426 3361 ciria
449 3303 587 3360 assistunt
608 3296 816 3377 pontificaliter
839 3298 1017 3367 celebranti,
1042 3316 1103 3358 non
1124 3300 1197 3361 verb

191 3387 331 3463 Episcopo
345 3384 490 3444 dioecesina
506 3383 653 3456 visitanti,
667 3383 714 3441 rel
727 3380 843 3440 missam
862 3383 1004 3457 privatam
1023 3381 1194 3444 celebranti.

192 3469 235 3526 lb.
251 3487 280 3527 n.
298 3470 347 3526 61.

230 3551 529 3611 nninaadvcrtcadum
549 3560 613 3625 cst,
633 3551 787 3612 canonicos
808 3566 867 3610 non
886 3559 1060 3626 praesentes,
1077 3549 1115 3609 de
1129 3548 1201 3627 qui·
