2642 4167
426 220 760 288 ercammarum
775 222 847 305 maj.
1081 225 1140 292 aas
1229 201 1242 224 '

139 329 206 397 ctis,
221 330 252 387 et
264 328 361 404 potest
379 321 570 384 beneficiatus
583 319 679 382 adbuc
700 322 866 401 applicare
864 337 930 386 eam
946 321 1024 385 sibi
1015 324 1093 403 ipsi,
1114 323 1139 387 si

139 410 204 472 verti
216 426 331 489 pauper
343 407 399 479 sit,
411 405 502 467 modb
516 422 576 466 non
594 405 709 465 lac-iat
701 424 733 465 m
753 406 909 483 fraudem3
928 406 1018 468 Suor.
1043 408 1140 469 Costr.

139 496 270 556 Novorr
289 488 352 552 766.
365 496 507 551 busseto.
519 507 622 550 coram.
637 487 714 567 (tit.
728 491 758 550 6.
771 489 906 567 66676.)
919 491 950 550 S1
963 508 1029 569 quis
1041 500 1141 553 autem

142 586 203 675 post
218 575 407 636 omissionem
422 573 537 633 dederit
557 573 776 669 eleemosynas,
799 574 980 650 immemor,
1002 574 1050 633 vel
1065 574 1142 637 sorta

142 662 277 738 ignorans
295 657 504 736 obligationem
529 657 746 726 restitutionis,
767 658 963 735 probabiliter
977 665 1072 735 potest
1093 676 1142 718 eas

142 753 323 823 computare,
331 750 365 801 ut
378 739 598 801 dieuntSooeb
609 741 700 799 Suar.
709 742 783 821 lup
798 737 892 803 Saltu
903 740 1051 803 66666666.
1063 739 1139 821 (666.

140 828 211 887 66
225 827 294 886 700.
310 826 368 898 Qu.
384 826 413 884 1.
425 822 552 883 advers
567 822 754 900 limitent).

172 917 490 979 66.-Ρ6ο666616666
514 916 618 974 dicunt
642 916 732 974 etiam
749 915 811 976 666.
838 918 918 978 Lesa,
948 917 1037 997 Vuae.
1060 917 1138 978 Boo.

136 1000 241 1064 Suncb.
254 997 426 1061 Selinuntio.
439 1008 505 1069 666,
518 998 598 1078 qubtl
616 999 640 1058 si
654 998 843 1059 beneficiatus
862 1001 917 1059 alia
931 999 1139 1074 6666666666,

137 1084 318 1163 quibus‘jam
337 1084 523 1152 satisfecerit,
538 1101 598 1142 non
612 1090 730 1141 tenetur
741 1100 842 1142 omnes
854 1084 965 1144 fructus
974 1085 1138 1145 restituere.

137 1168 222 1228 Sociis
235 1165 336 1228 tamen
347 1165 504 1226 dicendum
519 1165 676 1245 (quidquid
688 1165 787 1225 dicant
797 1167 858 1245 6166)
868 1168 904 1227 616
913 1169 1037 1245 simplici
1052 1169 1141 1230 bene·

136 1251 230 1312 liciato
240 1297 248 1324 ,
258 1254 310 1329 qui
322 1252 437 1310 nullum
451 1250 531 1309 aliud
541 1267 615 1311 onus
626 1248 747 1311 baberet
756 1293 764 1323 ,
773 1251 828 1312 nisi
841 1251 991 1315 6161666666
1006 1251 1140 1316 habitum

136 1334 210 1411 (666.
223 1337 254 1395 6.
268 1355 301 1395 a.
315 1336 382 1396 666.
399 1335 456 1409 Qu.
468 1333 542 1412 66).

174 1429 224 1486 66.
235 1461 273 1472 -
286 1430 330 1486 66
351 1436 450 1486 autem
464 1426 735 1487 excommunicatus
754 1427 897 1488 toleratus
914 1433 1051 1488 teneatur
1073 1435 1140 1490 aute

135 1512 309 1571 sententiam
321 1511 476 1569 restituere
486 1510 600 1570 fruetus
614 1511 768 1581 beneficii,
784 1513 809 1572 si
829 1528 917 1571 onera
932 1512 1023 1589 ipsius
1036 1512 1141 1589 imple·

135 1592 231 1651 verit?
253 1593 351 1670 Aliqui
376 1594 538 1662 affirmant,
559 1594 607 1654 sed
633 1593 816 1671 probabilius
836 1603 865 1652 et
885 1594 1071 1654 communitis
1089 1595 1139 1655 alii

135 1684 260 1753 negant,
275 1687 364 1755 prout
377 1679 485 1738 dieitur
501 1681 591 1739 Hom.
608 1681 709 1755 Apost.
728 1680 779 1737 Tr.
792 1680 839 1737 l9.
852 1697 885 1737 6.
904 1680 953 1737 lu.
968 1676 1068 1756 infin.
1084 1678 1137 1757 (1),

135 1760 281 1836 quianon
306 1771 423 1822 tenetur
444 1781 512 1842 reus
534 1762 590 1820 nisi
610 1771 678 1839 post
700 1763 877 1821 sententiam
897 1762 997 1822 subire
1022 1782 1138 1841 poenam

134 1843 235 1915 illum,
252 1864 319 1922 quae
336 1848 481 1907 actionem
501 1846 646 1922 requirit3
670 1863 706 1905 ex
724 1845 780 1905 alia
796 1856 894 1907 autem
919 1856 1002 1926 parte
1023 1865 1138 1908 exeom-

134 1930 275 1989 municati
289 1931 404 1990 tolerati
424 1928 520 1989 valide
529 1928 590 2005 jam
601 1939 780 1989 sacramenta
794 1932 981 2004 ministrant,
995 1930 1138 2012 horasque

134 2015 325 2092 persolvunt3
337 2016 377 2075 ita
393 2017 498 2095 leym,
513 2019 623 2076 766666.
640 2014 807 2097 Castropol.
830 2014 922 2077 Soloe.
943 2020 1056 2078 Boreae.
1084 2021 1137 2080 Co-

134 2097 235 2173 66666.
252 2097 349 2159 etalii
362 2097 462 2179 plures
476 2097 552 2174 (Lib.
567 2102 597 2159 6.
619 2118 652 2159 u.
668 2100 759 2177 670.)
775 2101 822 2160 866
841 2101 930 2161 etiam
947 2102 1138 2179 probabiliter

134 2199 194 2242 non
211 2190 330 2245 tenetur
341 2185 379 2244 ad
390 2184 606 2244 restitutionem
615 2185 665 2261 qui
679 2186 782 2245 recitat
792 2186 855 2245 sine
870 2187 1031 2247 attentione
1045 2188 1137 2247 inter·

133 2284 193 2342 na3
210 2265 277 2327 6666
295 2269 411 2346 opinio,
426 2267 506 2346 qubd
519 2268 641 2328 sufficiat
662 2267 698 2327 ad
719 2270 976 2339 satisfaciendum,
992 2271 1015 2328 si
1030 2266 1137 2328 habea·

134 2356 186 2408 tur
201 2352 343 2420 intentio,
360 2357 390 2411 et
410 2353 532 2410 attentio
545 2361 663 2410 externa
690 2371 750 2411 non
770 2354 807 2412 sit
819 2353 1032 2430 ,improbabilis
1050 2351 1135 2428 juxta
1197 2424 1199 2428 ι

134 2433 258 2494 dicenda
268 2454 300 2495 rt.
314 2437 364 2495 76.
382 2433 457 2512 (tit.
475 2438 504 2495 6.
517 2454 550 2495 rt.
565 2437 633 2495 669.
644 2443 674 2494 66
689 2432 710 2494 6.
724 2438 752 2494 6.
767 2454 799 2493 a.
813 2435 904 2513 l77.).

172 2530 221 2588 66.
232 2530 425 2589 -Praeterea
438 2529 618 2594 notandum,
635 2527 668 2587 S.
687 2526 778 2587 Pium
794 2528 827 2585 in
848 2528 965 2606 praelata
988 2528 1136 2589 Constitu·

131 2613 215 2673 tione
233 2611 410 2688 declarasse,
429 2612 509 2690 qubcl
526 2611 713 2682 beneficiati,
733 2611 757 2668 si
777 2612 854 2670 intra
870 2614 981 2689 primos
992 2629 1041 2671 sex
1053 2631 1136 2674 men-

129 2714 178 2757 ses
198 2696 326 2756 officium
346 2698 503 2768 omittant,
516 2694 585 2757 lieet
606 2712 666 2754 non
679 2702 835 2753 teneantur
848 2695 883 2753 ad
902 2695 1134 2767 restitutionem,

130 2788 233 2839 tamen
250 2797 311 2838 non
329 2779 530 2840 excusantur
520 2800 537 2838 a
556 2785 672 2856 peceato
685 2777 802 2837 mortali
816 2775 939 2857 (vitet.
954 2779 985 2837 6.
1000 2796 1032 2837 a.
1043 2779 1132 2859 665.)

129 2863 209 2922 11666
222 2863 345 2924 6666666
362 2863 520 2923 dicendum
530 2862 610 2948 quod
620 2862 805 2933 beneficiati
820 2863 933 2922 etiamsi
952 2862 1062 2923 vellent
1082 2883 1134 2961 pto

129 2963 170 3005 eo
187 2955 321 3025 tempore
339 2947 450 3006 fructus
467 2948 642 3018 restituere,
665 2906 827 3007 omittentlo
848 2946 977 3008 officium
987 2949 1136 3025 ‚graviter

127 3040 272 3108 peccant,
287 3028 355 3091 eum
372 3034 450 3110 ipsos
465 3032 502 3091 ad
523 3032 653 3092 officium
676 3032 779 3109 quovis
803 3041 935 3111 tempore
955 3033 1078 3093 Ecclesia
1100 3052 1135 3095 666

126 3116 245 3194 motivo
261 3116 417 3195 religionis
427 3115 619 3178 obstrinxerit
630 3113 664 3195 (l
679 3118 709 3179 6.
722 3135 755 3177 o.
769 3118 837 3179 666.
851 3119 909 3194 Qu.
920 3119 965 3179 11.
969 3116 990 3195 ).
1004 3117 1136 3179 Graviter

156 3283 191 3341 (1)
202 3284 239 3328 Ea
249 3283 348 3331 uerboei
348 3288 413 3329 lala:
427 3284 591 3338 «.llotandum
603 3285 667 3345 quod
682 3284 723 3332 ille
734 3284 774 3345 qui
785 3298 931 3331 excommun·
925 3285 999 3331 icatur
1019 3284 1064 3331 luit
1084 3291 1136 3346 post

121 3367 135 3390 ι.
152 3345 321 3421 eollatiouem,
333 3362 379 3392 non
399 3355 494 3394 tenetur
512 3349 543 3394 ad
564 3350 722 3395 restituendos
740 3350 833 3393 tructus
856 3349 964 3395 66666666
981 3360 1035 3396 ante
1048 3351 1135 3409 Judiels

120 3431 134 3452 ι.
155 3401 319 3464 aumatium,
331 3413 424 3471 quoties
434 3427 484 3472 ipse
499 3427 542 3473 per
556 3422 634 3459 want
649 3414 756 3474 percitos
766 3413 881 3471 adimple
884 3415 1000 3460 itonam:
1011 3414 1044 3461 ita
1055 3416 1136 3475 proba
1152 3421 1156 3428 '

119 3493 134 3515 ι
156 3475 258 3521 161666...
272 3490 303 3522 ex
313 3477 418 3535 generali
434 3478 539 3530 ratione,
551 3479 612 3537 qued
623 3492 694 3538 poenae
705 3492 754 3537 qua
765 3478 889 3536 requirunt
904 3478 1019 3526 actionem
1033 3481 1134 3540 aliquam

117 3556 133 3579 υ
155 3539 194 3584 rei
203 3538 329 3599 66166666
338 3554 432 3601 semper
442 3539 569 3595 sententia
581 3543 664 3589 saltem
675 3542 863 3589 declaratorul
1182 3545 1184 3549 ’

984 3608 1047 3656 Edit
1152 3627 1156 3634 ¹
