2642 4167
394 248 445 307 Ee
459 245 592 328 operibus
605 246 757 309 Benedicti
766 250 814 310 XI
820 249 855 311 V.
1069 248 1123 312 tet

123 353 163 414 cl'e
180 346 374 424 testimoniis,
403 345 453 406 sed
476 347 573 425 ipsum
592 347 821 427 dispensandum
841 351 1046 428 interrogans,
1069 354 1126 411 uisi

125 434 258 513 alioquin
273 434 335 512 ipse
347 431 480 492 eamdem
495 434 648 494 ceritatem
665 435 797 494 rescisset
813 456 822 509 3
838 453 892 495 nee
909 443 1025 494 tenetur
1044 435 1127 496 illum

122 521 181 583 surb
197 519 367 598 juramento
386 518 588 594 interrogare,
605 528 694 580 otest
708 521 873 580 eommunis
889 520 1043 581 doctorum
1061 540 1128 582 sen·

123 607 229 666 tentia.
241 602 316 663 lbid.
330 622 359 663 n.
377 603 425 663 st.

165 689 195 748 Si
209 697 307 748 tamen
321 688 390 746 luiso
414 704 535 746 narrare
556 686 783 765 dispensandum
805 688 940 749 sciverit.
960 705 1020 748 non
1034 695 1130 764 potest

123 774 163 833 nd
176 771 404 851 dispensandum
418 772 575 848 procedere
591 815 598 841 ,
613 770 670 830 uisi
694 771 723 830 id
736 773 824 830 sciret
840 791 875 832 cx
898 772 1129 850 procedentibus

126 855 315 934 dispensandi
332 856 581 926 confessionibus,
595 864 628 914 ut
643 873 677 914 ex
690 855 826 915 Sanelrez.
839 857 915 916 lbid.
989 914 993 922 ,

165 942 200 1001 in
221 939 364 1016 ejusmodi
385 938 610 1018 dispensationis
625 939 731 998 litteris
746 941 902 999 mandatur
917 943 1081 1018 executori,
1097 951 1130 1001 ut

125 1024 274 1102 dispenset
283 1023 382 1083 auditi
393 1021 475 1100 priirs
489 1023 690 1082 sacramentali
703 1023 881 1083 consessione
891 1069 897 1093 ‚
909 1034 938 1085 et
947 1026 976 1083 in
989 1026 1049 1104 ipsa
1061 1044 1131 1086 cou-

123 1109 251 1169 sessione
263 1128 272 1182 3
288 1125 341 1167 nee
357 1102 490 1169 liberum
497 1117 540 1166 est
552 1107 592 1169 iili
605 1117 687 1166 extro
707 1108 917 1169 consessionem
935 1124 999 1170 retu
1011 1109 1128 1188 exequi,

129 1200 165 1253 ut
180 1209 282 1252 omnes
297 1192 414 1251 docent.
428 1191 505 1251 lbid.
520 1190 551 1250 n.
566 1192 615 1250 st.
866 1215 870 1222 ’

166 1274 239 1336 Cirm
253 1276 422 1356 punitentia
437 1276 467 1334 in
483 1276 589 1335 litteris
608 1272 768 1349 delinitor,
782 1294 814 1336 en
831 1274 1010 1354 injungendo
1026 1284 1086 1352 est;
1105 1278 1129 1336 si

126 1358 199 1420 verb
217 1359 418 1419 committatur
437 1359 561 1418 arbitrio
579 1359 769 1434 contessoris,
792 1377 851 1419 non
874 1370 917 1419 est
942 1361 984 1419 illi
1002 1360 1130 1420 liberum

125 1452 156 1506 et
169 1443 207 1504 ad
224 1442 570 1521 arbitrium-injungere,
590 1444 640 1503 sed
655 1443 690 1501 ud
707 1443 869 1521 prudentiae
885 1446 962 1522 leges
977 1443 1130 1520 dirigendo

125 1538 192 1593 est,
212 1545 307 1605 neque
326 1528 416 1589 nimis
440 1528 554 1606 rigide,
575 1545 670 1609 neque
691 1529 785 1588 lenior
804 1527 893 1608 quim
913 1547 966 1606 par
986 1530 1034 1586 sit.
1053 1525 1129 1587 thid.

124 1631 158 1674 n.
174 1613 223 1672 57.
237 1613 285 1672 58.
705 1652 707 1654 ψ

164 1695 268 1770 Quoad
287 1694 445 1756 clausulam
468 1694 624 1758 denatandi
636 1695 678 1757 sit
699 1693 864 1766 occuitum,
888 1704 1023 1755 censetur
1039 1694 1132 1760 occul·

123 1788 192 1839 tum
207 1780 230 1838 si
251 1776 367 1839 tantiam
385 1785 519 1856 septem,
545 1782 591 1839 vel
615 1790 681 1840 octo
701 1781 731 1840 in
751 1780 868 1839 civitate
888 1779 918 1838 id
936 1779 1077 1853 rescient3
1098 1779 1130 1838 iu

123 1863 244 1942 oppidis
261 1861 331 1922 verb
349 1864 373 1922 si
390 1865 538 1941 quinque,
557 1865 603 1923 ael
624 1882 693 1933 sex3
713 1882 802 1942 quam
816 1864 990 1923 sententiam
1006 1864 1130 1941 scripto·

121 1966 193 2097 ppsj
204 1948 255 2026 qui
265 1954 397 2092 Rectene
409 1946 736 2010 saerael’oenitentiorice
746 1947 839 2029 probe
853 1948 965 2008 norunt
976 1991 984 2020 ‚
997 1955 1128 2008 tuentur.

163 2053 171 2093 r
198 2051 251 2091 .n.
308 2075 315 2091 .

166 2122 284 2184 sivero
301 2123 446 2184 occuitum
463 2123 709 2202 impedimentum
729 2126 820 2186 tuerit
845 2127 876 2185 in
890 2125 972 2196 loeo,
987 2124 1039 2186 ubi
1063 2142 1131 2186 exe·

122 2208 240 2270 cutioni
256 2208 420 2267 mandanda
448 2208 624 2286 dispensatio
643 2220 706 2285 est3
731 2211 882 2289 pubiicum
899 2209 970 2270 vcro
996 2210 1027 2268 in
1046 2210 1129 2279 ulio,

59 2308 62 2315 ’
121 2293 179 2353 ubi
204 2294 391 2353 commissum
411 2303 455 2352 est
476 2294 638 2365 delictum,
653 2298 746 2354 tutius
771 2305 840 2355 tune
863 2305 906 2353 cst
929 2295 1129 2354 executionem

118 2377 323 2455 suspendere,
342 2376 420 2437 etde
435 2374 489 2438 lule
515 2379 646 2438 novitate
660 2397 771 2438 sueram
796 2378 1048 2438 Poenitcntiarium
1067 2393 1130 2437 eer-

120 2462 235 2522 tiorem
249 2462 351 2520 lucere.
365 2460 439 2521 lbid.
454 2480 486 2520 u.
499 2465 547 2523 ta.

160 2545 312 2605 'Delictum
333 2545 404 2604 olim
427 2546 598 2624 publicum,
622 2564 702 2605 nune
723 2545 886 2618 oecultum,
904 2545 927 2603 si
945 2543 961 2602 'o
979 2544 1028 2603 die
1051 2561 1130 2603 eom·

116 2629 209 2691 missi
222 2628 353 2688 criminis
367 2628 542 2689 decennium
557 2632 688 2717 elapsum
704 2630 761 2695 sit,
775 2627 810 2685 ud
828 2627 1051 2686 irune‘elleetnm
1064 2644 1132 2686 een·

119 2712 184 2775 sciri
200 2713 347 2772 oeerrltum
363 2711 497 2789 judicant
517 2716 603 2791 periti
616 2730 719 2772 eurum
738 2710 878 2787 theologi.
890 2711 932 2768 lb.
949 2729 977 2769 n.
994 2711 1043 2769 48.
1185 2775 1191 2787 ‚

165 2797 196 2857 Si
209 2797 276 2874 quis
287 2809 350 2855 rem
367 2797 487 2856 vetitam
500 2798 690 2875 prestiterim
706 2795 757 2855 sed
773 2792 891 2874 publici
907 2794 1042 2853 credatur
1055 2793 1131 2854 obti-

120 2881 227 2942 nuisse
252 2879 288 2939 od
310 2880 338 2940 id
354 2881 542 2949 breuitatem,
566 2879 654 2958 hujus
674 2888 824 2960 peecatum
841 2879 878 2936 nd
899 2876 977 2937 hune
995 2878 1131 2938 ellectum

120 2964 260 3026 eruditur
274 2965 432 3024 oecultum.
458 2967 488 3024 Si
513 2964 583 3025 verb
610 2965 789 3023 commisisse
807 2963 947 3023 delictum
967 2963 1129 3037 nesciatur,

44 3066 46 3071 ·
119 3049 178 3111 sed
193 3049 348 3129 ignoretur
359 3048 428 3109 inde
440 3062 616 3126 consurgere
628 3049 890 3126 impedimentum,
902 3047 1028 3125 proiectis
1041 3047 1132 3106 occul·

118 3142 192 3194 tum
210 3132 307 3210 quood
322 3130 400 3191 hune
416 3132 551 3192 ellectum
566 3151 626 3191 non
641 3143 787 3192 censetur.
807 3129 883 3191 toto.
900 3150 982 3191 neam.
997 3133 1046 3192 to.
1217 3206 1221 3211 f

47 3216 49 3231 '
164 3217 301 3278 cuusuu
314 3214 470 3277 circumrodo
487 3212 629 3278 occuitum
643 3216 684 3277 sit
696 3217 806 3294 exigit,
821 3224 855 3275 ut
869 3215 950 3275 nullo
962 3217 1051 3277 modo
1063 3233 1133 3296 pro·

113 3302 188 3363 beri
200 3302 302 3379 possit.
314 3300 360 3359 lb.
372 3320 403 3359 n.
416 3303 463 3361 ll.

112 3410 116 3417 r
164 3385 195 3444 Si
212 3385 352 3445 delictum
367 3384 526 3445 deductum
539 3385 578 3445 sit
593 3383 739 3444 odiorum
760 3386 976 3445 contentiosum
994 3382 1051 3444 iS.
1067 3385 1133 3444 Poe·

115 3469 299 3530 nitentiarii
318 3477 452 3529 censetur
463 3470 627 3548 publicum.
641 3469 672 3527 Si
685 3477 782 3527 tomen
796 3468 862 3528 dota
876 3470 907 3528 in
918 3488 953 3529 eo
965 3469 1054 3528 inerit
1066 3487 1131 3528 sen-

111 3553 218 3613 tentia
235 3553 414 3613 absolutoria
429 3553 562 3613 criminis
574 3598 582 3624 ‚
594 3569 646 3630 per
666 3569 753 3628 quom
767 3569 835 3610 reus
845 3562 979 3630 repertos
994 3554 1032 3612 sit
1046 3554 1132 3614 inuo-

111 3654 212 3712 cem,
229 3647 260 3698 et
269 3656 329 3700 noa
339 3638 510 3720 scriptobitis,
524 3638 571 3701 vel
585 3655 620 3698 ex
631 3634 770 3696 hacteuus
786 3635 917 3697 deductis
928 3654 988 3696 non
1000 3640 1133 3714 repertus
