2642 4167
227 289 232 294 ι
424 207 457 293 ς.
467 212 508 273 11.
525 209 611 271 Circa
623 207 731 271 mmet
744 206 884 291 officium.
1136 216 1157 275 9

137 297 259 391 'mentm
276 319 372 374 stante
385 311 436 373 sstt
449 312 566 389 urgenti
586 310 767 372 necessitate.
783 309 855 370 Etsi
873 309 970 371 aditus
982 310 1020 371 ad
1033 312 1153 389 Episco-

144 418 218 481 pum
239 398 329 459 etiam
347 404 423 456 esset
440 395 582 467 difficilis,
598 402 628 456 et
646 394 730 455 nullo
748 394 838 455 modo
855 404 953 472 posset
965 395 1069 455 evitari
1085 413 1154 473 gra·

144 475 300 542 vissimum
309 478 610 559 periculuminlamioe
619 476 1151 554 aut'seandali,retulimusldmlilffl

144 565 180 625 in
192 565 278 645 fine.)
288 564 464 624 sententiam
474 562 609 622 Auctoris
623 564 776 640 (lustraret.
784 561 934 642 procacis
941 560 1150 641 Confusam.

143 668 177 710 n.
194 650 244 709 52.
261 666 298 710 ex
309 650 400 710 Reno.
413 644 502 708 δυνά.
517 654 546 707 ct
556 645 681 728 Plynot.
699 654 721 706 t.
739 647 768 706 5.
783 643 909 706 emunit.
924 648 974 707 to.
990 665 1024 706 n.
1043 646 1086 723 5.)
1099 650 1152 725 qui

141 734 185 798 nit
204 750 265 793 non
283 731 480 810 improbabile
500 748 581 803 esse,
601 730 664 790 imd
684 739 784 789 tutum
803 730 836 791 iu
854 730 938 808 praxi
960 747 1045 807 posse
1063 749 1152 808 paro·

142 814 252 888 chum,
271 816 319 876 vel
337 816 429 875 alium
450 815 659 874 confessarium
678 812 845 886 declarare,
860 812 1006 893 quddjex
1026 814 1153 893 impedi·

143 900 239 961 menti
257 907 328 960 tunc
347 916 409 960 non
430 897 556 977 obliget,
571 897 661 974 atque
673 906 782 970 cesset,
796 906 902 976 utpote
918 896 1017 976 potitis
1029 899 1152 969 nociva,

144 981 234 1061 quim
251 982 344 1042 utilis.
358 982 416 1041 Sed
429 981 552 1043 observa
572 999 639 1059 que
655 982 720 1042 loco
734 982 822 1041 citato
836 979 930 1041 iusids
943 981 1093 1042 dicuntur.
1108 984 1153 1043 lta

143 1067 256 1145 pariter
270 1066 432 1126 omittenda
451 1074 526 1125 esset
538 1062 682 1126 eorrectio
699 1065 737 1126 de
756 1066 944 1125 restitutione
963 1065 1113 1136 iacienda,
1126 1066 1152 1126 si

142 1147 224 1210 certe
240 1150 437 1228 provideatur
453 1151 609 1222 futurum,
633 1147 668 1209 ut
683 1149 830 1228 poenileus
842 1192 851 1222 ,
865 1148 917 1228 qtti
937 1165 1017 1212 nune
1030 1158 1106 1211 osset
1118 1150 1151 1211 iu

143 1233 222 1295 bono
239 1234 319 1309 fido,
343 1251 403 1294 non
427 1242 528 1312 pareat
544 1229 734 1293 monitioni(

181 1320 212 1378 9.
235 1316 438 1380 Nihilominus
459 1317 621 1395 excipiendi
641 1316 712 1378 sunt
733 1322 887 1394 sequentes
905 1335 1011 1379 essusr
1029 1320 1054 1380 l.
1067 1319 1098 1381 si
1112 1338 1149 1381 ex

145 1403 207 1481 ipsa
227 1402 395 1480 ignorantie
415 1401 740 1474 redundandumesset
759 1401 902 1462 damnum
919 1412 1021 1463 contra
1039 1404 1152 1465 bonum

101 1530 107 1535 -
143 1505 303 1550 commune
321 1485 356 1567 (l.
372 1490 401 1547 6.
416 1504 449 1545 n.
464 1484 563 1564 ott),
583 1486 652 1564 quia
676 1495 748 1547 tuuc
768 1487 980 1560 confessarius,
1001 1486 1070 1549 crim
1091 1490 1154 1567 ipse

142 1572 321 1634 constitutus
330 1571 369 1631 sit
377 1570 513 1631 minister
522 1570 553 1631 in
565 1569 678 1632 bonum
689 1571 876 1649 reipublice,
887 1581 1005 1633 tenetur
1014 1573 1154 1649 praeferre

142 1656 258 1718 bonum
281 1654 434 1734 publicum
457 1653 536 1715 bono
559 1655 676 1731 privato
697 1656 889 1733 poenitentis,
905 1654 974 1715 licet
994 1654 1153 1733 provideat

143 1740 357 1802 correctionem
377 1737 447 1798 huic
461 1756 522 1798 non
542 1755 606 1799 esse
624 1739 823 1817 profuturam.
837 1739 902 1811 Qua
918 1738 955 1798 de
976 1756 1011 1800 rc
1029 1739 1151 1801 omniuo

143 1823 323 1885 admonendi
343 1831 413 1883 suut
433 1821 599 1900 principes,
618 1834 777 1900 pretores,
800 1823 985 1894 confessarii,
1007 1823 1149 1900 parochi,

143 1918 175 1969 et
183 1903 317 1986 praeloti',
329 1908 379 1983 qui
392 1906 513 1985 proprio
524 1905 620 1967 officio
628 1906 755 1983 desunt3
766 1907 833 1985 quia
844 1906 952 1967 horum
966 1908 1150 1986 ignorarrtla,

144 1993 233 2054 ctiam
258 1991 458 2062 invincibilis,
476 2007 594 2067 semper
614 1990 723 2068 darnuo
747 1992 805 2050 erit
828 1992 1052 2062 communitati,
1076 1991 1150 2055 dim

141 2075 221 2138 taciti
244 2071 364 2154 negotio
385 2074 434 2133 alii
457 2073 705 2153 putare'possunt
724 2076 781 2134 sibi
802 2075 891 2134 lieire
915 2076 994 2153 quod
1011 2075 1150 2139 ridenti

141 2155 354 2236 Superioribus
364 2158 501 2219 factitari.
514 2161 568 2231 Et,
584 2167 618 2218 ut
629 2158 715 2218 docet
725 2158 777 2219 SS.
793 2160 925 2219 Pontifex
938 2158 1046 2219 Bened.
1056 2163 1108 2221 XI
1112 2162 1148 2224 V.

142 2240 264 2321 (Bulla,
277 2239 438 2320 ¹Apostolieu
448 2287 456 2316 ,
466 2241 494 2321 ς.
504 2241 583 2319 ld),
596 2241 701 2303 codem
717 2243 805 2304 modo
815 2261 847 2302 se
859 2260 963 2321 gerere
977 2243 1065 2304 debet
1079 2263 1151 2306 cou-

142 2328 280 2387 sessarius
301 2343 370 2387 cum
394 2325 453 2400 iis,
472 2328 524 2405 qui
543 2328 731 2405 frequentant
755 2335 955 2399 sacramenta,
975 2345 1014 2388 ne
1035 2329 1149 2390 licitum

137 2407 291 2498 judicetur
308 2411 345 2471 ab
364 2412 447 2483 eliis,
465 2407 545 2490 quod
564 2412 688 2492 impune
702 2413 739 2471 ab
754 2411 805 2471 his‘
818 2413 945 2472 exerceri
964 2413 1151 2474 animadver-

141 2497 229 2556 titur.
242 2496 397 2574 Excipitur
409 2497 447 2556 il.
464 2497 494 2555 Si
514 2498 660 2574 poenitens
677 2497 901 2574 interrogasset,
914 2497 983 2575 quia
998 2507 1069 2557 tunc
1082 2517 1150 2559 con·

140 2579 280 2640 {osorius
297 2586 450 2662 teneretur
468 2581 597 2659 pandere
614 2583 771 2642 veritatem
788 2578 822 2657 (l.
841 2583 871 2640 6.
890 2599 921 2640 o.
940 2580 1041 2658 ott.);
1059 2582 1091 2640 in
1113 2601 1149 2641 eo

141 2663 223 2724 euim
244 2681 313 2723 casu
327 2664 499 2740 ‘ignorantia
520 2684 582 2726 non
600 2667 680 2725 esset
697 2664 821 2723 omnino
841 2664 1039 2733 invincibilis,
1061 2674 1151 2739 prout

141 2746 309 2825 requiritur
322 2748 359 2806 ad
376 2746 450 2820 hoe,
466 2758 500 2809 ut
520 2749 618 2809 omitti
636 2748 729 2824 possit
744 2746 918 2804 admonitio.
933 2745 1084 2823 Excipitur
1096 2749 1149 2808 lll.

140 2830 174 2889 Si
186 2827 271 2890 brevi
288 2840 365 2890 esset
375 2834 520 2909 pmnitens
531 2830 729 2892 admonitioni
741 2845 928 2902 assensurus,
942 2827 1013 2888 licet
1027 2830 1059 2889 in
1073 2830 1151 2908 prin-

139 2913 221 2990 cipio
234 2929 297 2974 uon
310 2916 472 2993 acquiescat
482 2915 573 2994 (tttd.
585 2931 615 2976 v.
628 2907 846 2996 Excipiendum
857 2914 945 2991 lit).
960 2913 1038 2988 Quid
1051 2924 1149 2975 autem

138 2997 309 3058 iaciendum
322 3000 404 3059 sitin
419 2999 529 3071 dubio,
549 3020 587 3060 on
607 3002 752 3062 correctio
770 3001 809 3059 sit
830 3001 1001 3078 protutura,
1017 3016 1054 3060 au
1069 3000 1149 3060 uoci-

137 3085 229 3140 tumr
243 3082 320 3142 Vide
337 3083 369 3142 in
387 3084 484 3163 Opere
499 3082 587 3162 (ldid.
603 3103 632 3145 o.
650 3084 758 3145 Utrcinr
771 3082 897 3160 autem)

181 3166 231 3225 l0.
251 3165 321 3226 Post
341 3167 455 3229 debitas
473 3171 690 3242 correctiones,
711 3172 773 3230 sive
795 3170 993 3237 monitiones,
1011 3175 1146 3244 prostat,

140 3256 178 3308 ut
194 3248 350 3314 laboretur
368 3251 405 3312 ad
422 3250 640 3330 disponendum
661 3255 855 3332 poenitentem
877 3254 915 3312 ud
935 3251 1148 3314 absolutionem

142 3349 198 3408 per
221 3338 304 3394 actus
326 3337 390 3396 veri
410 3334 537 3410 doloris,
551 3347 581 3398 et
603 3339 767 3417 propositi3
786 3337 923 3417 quocirca
944 3337 1071 3396 monitos
1087 3354 1149 3397 esse

140 3417 211 3476 rulo
224 3418 432 3491 confessarius,
452 3439 611 3499 perpaucos
625 3416 687 3481 es‘sc
703 3424 769 3482 illos
782 3422 971 3500 paenitentes,
984 3422 1148 3498 praesertim

141 3501 249 3572 rudes,
267 3503 319 3579 qui
340 3507 496 3582 praeposito
515 3518 581 3567 actu
598 3508 707 3567 doloris
726 3507 764 3564 ad
782 3505 981 3566 confitendum
995 3506 1146 3566 accedunt.

143 3583 287 3646 Nonnulli
303 3589 469 3650 confessarii
491 3601 595 3669 putant
614 3591 683 3650 sotis
701 3608 754 3651 suo
771 3591 886 3651 muneri
905 3591 1018 3660 secisse,
1032 3590 1057 3650 si
1072 3588 1148 3649 duu-
