2642 4167
388 189 439 249 Ea
450 188 584 270 operibns
596 190 748 253 Benedicti
757 192 845 254 XIV.
1065 195 1122 255 ote

119 290 244 353 Ecclesia
257 332 266 362 ,
278 290 372 351 velia
385 293 554 353 comatoria
579 293 719 354 Interticit
741 304 849 354 stantes
869 298 951 354 extra
972 294 1021 355 illu
1040 295 1119 373 loca,

33 374 35 377 ’
117 382 150 437 et
161 376 225 435 vicc
237 374 332 435 versi.

159 460 204 519 ab
225 476 259 519 ea
276 458 347 520 verh
363 459 550 522 immunitate
570 462 767 522 excluduntur
785 481 847 523 non
869 461 965 523 solium
986 475 1121 544 respectu

121 543 250 623 ejusdcm
265 543 398 602 Ecclesiae
411 545 543 617 violatia,
557 546 606 605 sed
617 555 646 606 et
658 547 782 606 aliarum
796 548 940 607 omnium.
962 549 1006 608 lh.
1026 569 1058 609 n.
1071 552 1119 610 Ἠ.

158 627 324 689 Declaravit
336 629 425 689 ¹ctiam
440 645 488 689 eus
512 631 621 691 censeri
642 638 820 709 grassatores
834 632 965 707 viartlm3
982 634 1007 693 si
1028 653 1122 695 uuum

120 712 325 778 tantummodo
356 711 569 786 homicidium,
592 733 643 774 sen
676 717 892 777 mutilationem
922 719 1122 782 commiserint

119 802 207 863 ctiam
218 799 248 858 in
262 798 309 858 viia
322 800 451 859 ulcinali.
463 801 507 860 Ih.
525 819 556 860 n.
571 801 620 860 25.

83 947 85 952 ,
158 882 295 945 Extendit
310 880 367 941 hoc
384 885 493 962 pariter
504 886 541 943 ad
562 883 750 953 mandantes,
766 887 816 963 qui
838 896 952 947 centnm
966 888 1120 965 praemium

50 967 54 974 ’
119 969 310 1050 promiserim
325 969 506 1030 mandatorio
518 1013 527 1039 ,
541 970 595 1029 etsi
617 988 678 1031 nou
695 970 831 1036 dederint
844 1016 853 1045 ,
866 971 1059 1032 homicidium
1078 982 1122 1033 ta-

119 1073 210 1122 men,
225 1071 275 1112 seu
287 1054 433 1112 mutilatio
445 1056 598 1114 commissa
608 1056 656 1115 sit.

162 1136 382 1198 CletttensXII.
402 1135 477 1198 hanc
497 1139 608 1198 bullam
627 1139 813 1201 confirmavit
831 1142 1045 1202 Constitutione
1069 1142 1122 1201 sud

117 1224 158 1283 In
172 1239 322 1300 aripenno,
343 1229 374 1280 ct
393 1223 524 1282 extendit
542 1225 632 1284 etiam
654 1224 692 1283 ad
710 1224 915 1285 ecelesiastIcos
941 1225 1120 1295 homicidas,

117 1307 194 1367 sieut
213 1307 301 1366 ctiam
325 1306 362 1366 ad
383 1305 508 1382 majores
528 1308 614 1367 aunis
633 1309 758 1386 vigimi,
774 1309 853 1386 qudd
873 1329 974 1370 omncs
990 1329 1124 1387 compre·

117 1389 226 1452 hensos
245 1390 391 1462 declarat,
404 1391 428 1450 si
448 1392 537 1451 etiam
558 1392 750 1465 mandatum,
765 1394 938 1465 consilium,
959 1395 1122 1470 instigatio·

117 1493 211 1547 nem,
233 1474 376 1534 auxilinm
405 1477 643 1554 cotlpcrutivum,
670 1488 721 1537 aut
746 1479 832 1537 aliam
856 1496 974 1555 operam
1000 1477 1121 1537 occisori
1185 1528 1187 1531 .

117 1561 319 1641 praebuerint,
334 1579 510 1637 aequorum
529 1564 651 1638 singulis
672 1564 769 1639 pravis
790 1563 902 1621 actibus
928 1562 1122 1621 homicidium

117 1644 261 1705 evenerit.
274 1645 402 1721 Adjecit,
414 1645 519 1704 indicia
533 1647 568 1704 ad
589 1646 762 1705 tradendum
785 1664 869 1704 rcum
884 1645 977 1721 judici
991 1643 1121 1704 saeculari
1149 1687 1157 1695 .

117 1730 273 1799 sufficere,
290 1731 314 1788 si
334 1731 401 1789 talla
421 1731 523 1790 saltem
535 1731 613 1801 siut,
626 1750 692 1808 quae
704 1730 740 1788 ad
752 1738 897 1788 torturam
916 1730 1040 1788 valeant.
1056 1731 1123 1788 Haec

115 1810 218 1874 tamen
235 1813 332 1873 valere
343 1814 445 1873 statuit
458 1813 664 1874 tantummodo
686 1832 739 1893 pro
757 1814 869 1873 ditione
883 1814 1081 1873 ecclesiastici.

156 1899 293 1975 Denique
304 1895 478 1958 Benedictus
490 1899 580 1958 XIV.
595 1899 625 1957 iu
643 1899 696 1958 sud
713 1898 791 1957 hullai
807 1893 903 1976 Officii
923 1899 1033 1970 nostri,
1050 1914 1121 1958 con·

114 1982 249 2044 firmavit
269 2001 302 2042 ca
322 1983 437 2053 omnia,
459 1983 675 2061 declaravitque
692 1981 901 2061 comprehendi
924 1984 1012 2043 etiam
1030 1985 1123 2043 cccle-

113 2067 266 2139 siasticos‚
280 2075 310 2127 ct
328 2067 466 2127 mulleres
483 2086 546 2126 rens
569 2066 720 2128 homicidii
735 2112 743 2136 ,
758 2070 834 2127 sicut
853 2068 939 2127 etiam
957 2067 1121 2129 occidentes

111 2151 414 2220 unanimantem.
440 2151 555 2210 Exemit
572 2151 662 2226 veria,
689 2153 806 2231 qnando
832 2154 1019 2212 commissum
1046 2162 1121 2212 esset

112 2235 311 2296 homicidium
328 2253 393 2294 casn
406 2279 414 2305 ,
429 2244 479 2294 aut
502 2238 663 2297 necessarii
681 2238 846 2297 detonsione
856 2258 865 2312 3
877 2238 1028 2314 restringit
1040 2237 1121 2296 enim

112 2320 278 2400 quandoid
293 2320 388 2398 agitur
400 2339 436 2380 ex
452 2319 538 2391 edla,
552 2332 581 2380 et
598 2323 722 2382 nocendi
740 2323 849 2380 auimo.

154 2404 321 2464 Declaravit
348 2403 455 2473 etiam,
477 2404 556 2481 qudd
584 2405 608 2463 si
632 2404 709 2465 lortd
734 2405 865 2472 aecidat,
890 2413 924 2462 ut
947 2404 1121 2463 vulneretur

111 2490 186 2569 quis
205 2487 242 2546 nd
265 2496 388 2546 mortem
399 2530 407 2558 ,
419 2493 448 2546 et
463 2505 616 2566 percussor
634 2488 734 2546 statim
758 2487 905 2562 confugiat
917 2486 954 2544 ad
966 2486 1121 2546 Ecclesiam

109 2571 252 2635 nondum
266 2582 360 2630 morte
377 2573 474 2632 secuti
485 2614 494 2642 ,
507 2581 578 2631 tuuc
588 2571 612 2630 si
629 2570 759 2647 chirurgi
778 2586 866 2646 grave
877 2571 944 2627 vitae
958 2569 1121 2645 perieulum

110 2658 219 2717 adesse
237 2655 406 2730 retulerint,
423 2664 492 2715 tune
510 2673 579 2714 reus
598 2655 720 2713 servans
735 2651 885 2711 servandis
906 2654 994 2730 possit
1008 2650 1120 2711 extrahi

107 2741 153 2801 ab
165 2739 304 2814 Ecclesia,
318 2749 348 2798 et
368 2740 528 2816 mancipari
542 2737 725 2804 carceribus,
739 2738 779 2795 ita
799 2747 896 2794 tomen
908 2779 915 2805 ,
929 2747 962 2794 nt
980 2737 1004 2794 si
1018 2735 1123 2795 vnlne-

107 2823 287 2884 ratusv·Ivat
299 2823 376 2882 ultra
388 2832 502 2901 tempus
511 2820 527 2881 h
535 2823 648 2901 legibus
658 2823 847 2881 constitutum
856 2818 1003 2892 ,Ecclesioe
1012 2817 1121 2879 iterum

106 2909 304 2969 restituatur.

154 2991 320 3051 Confirmat
329 2991 573 3051 constitutionem
589 2989 741 3052 Benedicti
749 2991 846 3051 XIII.
859 2989 890 3048 in
903 3006 954 3057 eo,
969 2988 1047 3065 qnhd
1059 2989 1121 3065 pri-

104 3071 215 3136 vative
233 3074 268 3133 ad
293 3077 447 3152 Episcopus
463 3077 609 3152 pertineat
627 3076 748 3134 lacultas
759 3072 955 3133 demandandi
968 3071 1122 3130 extructio·

102 3176 187 3220 nent
215 3156 452 3233 delinquentium
470 3158 614 3233 ejustnodi
636 3158 653 3216 ia
674 3159 737 3218 loco
759 3157 884 3216 immuni
906 3157 982 3233 (qnae
1002 3155 1121 3214 {acuitas

100 3242 181 3302 duri
198 3250 293 3318 potest
307 3238 375 3299 etim
391 3240 498 3300 adsunt
516 3241 622 3300 iudicia
641 3241 677 3299 ad
692 3240 928 3316 carcerationem)
944 3237 1016 3298 aded
1031 3246 1081 3312 ut,
1095 3238 1120 3297 si

99 3329 199 3387 locus
215 3328 253 3385 sit
272 3325 382 3384 nullius
403 3325 551 3395 dimensis,
568 3335 639 3385 tune
651 3325 865 3384 recurrendum
880 3324 1006 3382 voluerit
1020 3338 1074 3399 pro
1087 3323 1121 3382 et

96 3410 254 3471 facultate
268 3410 304 3467 ad
320 3410 493 3486 Episcopum
511 3410 703 3479 viciniorem,
716 3419 745 3481 et
754 3425 882 3486 semper,
898 3406 965 3467 cirm
977 3406 1012 3465 fit
1025 3414 1121 3467 extra·

97 3496 193 3563 etio,
207 3493 282 3553 adsit
295 3494 502 3552 ecclesiasticus
521 3493 558 3552 ab
575 3510 610 3552 eo
627 3493 793 3570 deputatus.

149 3578 244 3637 Facta
263 3577 443 3638 extractione
454 3619 462 3651 ,
475 3577 655 3639 construitur
678 3593 829 3656 processus
844 3573 881 3634 de
897 3574 1034 3635 mandato
1051 3574 1120 3653 Epi·

154 3663 246 3723 Tana.
262 3663 321 3722 IX.
887 3688 894 3698 ·
929 3660 969 3717 50
