2642 4167
316 228 321 237 ‘
355 212 358 217 ’
404 229 453 290 Ex
465 227 599 310 operibus
613 222 763 292 Benedicti
771 233 861 293 XIV.
895 215 898 221 ¹
930 218 947 225 ”
1076 226 1137 298 5957

133 330 221 397 misso
242 333 279 394 dc
303 331 375 392 testo
398 338 531 407 agantur.
547 330 671 390 Perinde
688 334 732 391 e'st
751 341 848 392 autem
862 333 924 392 sive
941 333 1033 394 altare
1055 335 1133 395 istud

87 442 94 451 ·
132 418 324 497 privilegium
358 413 464 473 lrabeat
487 424 682 490 perpetuum,
706 415 767 474 sive
790 416 827 475 od
858 417 1063 512 septennium.
1087 421 1133 479 rel

131 503 220 561 certis
237 498 331 560 soldm
349 498 479 556 dicbus
471 515 502 556 ιιι
520 495 713 557 hebdomada
728 498 781 556 Si
773 500 864 576 igitur
878 506 1001 558 testator
1013 499 1135 575 jusserit

130 584 272 644 celebruni
293 582 348 641 sibi
367 580 468 640 missas
487 581 573 639 certis
590 577 780 640 hebdomadae
796 582 900 641 diebos
913 583 950 641 ad
966 583 1057 641 altare
1072 585 1134 658 pri·

131 670 323 746 silogiaturn,
341 674 370 725 et
390 664 504 724 indies
522 664 720 724 istos-incidat
739 665 859 742 aliquod
880 667 986 726 festum
1008 667 1132 744 duplex,

131 752 236 813 satisfit
254 751 384 810 testatori
396 765 473 821 ¹cum
498 748 583 807 missi
600 748 641 805 de
655 751 736 808 l'esto.
760 748 840 808 ldem
858 748 936 809 dieas
955 750 993 808 de
1011 750 1133 830 diebus,

132 837 163 895 in
187 835 297 913 quibus
321 833 430 910 duplex
451 831 570 908 quidem
594 848 653 889 non
676 833 790 902 currit,
813 833 862 892 sed
885 834 1058 913 missae-pro
1081 833 1134 894 de·

131 920 240 980 iunctis
261 925 411 975 vetantur.
428 917 495 973 llaec
520 914 617 973 onmia
641 933 676 973 ex
697 915 822 975 decretis
844 918 993 976 variorum
1012 917 1134 976 Pontifi-

131 1021 218 1076 cum,
238 1016 365 1079 qnorum
388 1007 551 1077 postremus
574 1006 619 1057 est
645 995 776 1058 Clemens
792 1000 853 1059 XI.
873 1003 916 1060 De
936 1001 1031 1060 sacrif.
1051 1001 1131 1062 nriss.

132 1088 153 1149 l.
168 1088 197 1146 5.
214 1105 240 1145 e.
255 1086 304 1145 25.
319 1102 349 1141 n.
365 1085 393 1142 8.
1045 1118 1047 1123 ,

139 1199 143 1203 ·
169 1171 264 1230 Missae
277 1168 374 1226 altaris
387 1165 562 1244 privilegiati
576 1166 685 1226 debent
699 1183 760 1226 esse
774 1167 812 1228 de
827 1170 972 1249 requiem,
991 1169 1046 1230 nisi
1065 1167 1133 1229 edm

131 1253 289 1314 inciderint
312 1252 343 1309 in
366 1251 465 1322 diem,
488 1251 520 1308 in
542 1250 599 1325 qud
620 1250 715 1309 missae
735 1251 793 1310 illae
817 1252 958 1323 celebrari
983 1270 1043 1311 non
1067 1270 1134 1329 pos·

131 1346 220 1409 suut,
242 1337 303 1395 sive
322 1335 436 1394 ratione
455 1330 520 1393 sesti
546 1334 689 1412 duplicis,
711 1334 773 1393 sive
795 1336 852 1395 alia
874 1337 1069 1412 quicumque.
1090 1337 1132 1395 lta

131 1439 167 1480 cx
184 1416 513 1499 plurimisPontillcum
530 1417 666 1476 decretis.
683 1420 754 1477 lnst.
770 1420 847 1478 Eccl.
866 1420 914 1478 st.
933 1438 963 1478 n.
976 1420 1026 1478 27.

169 1505 263 1564 Missos
282 1502 403 1580 privatae
425 1500 462 1559 de
479 1502 607 1580 requiem
626 1500 806 1561 celebrando>
829 1521 887 1563 non
910 1511 979 1561 sunt
1001 1486 1132 1561 infestis

131 1587 314 1666 duplicibus,
331 1593 360 1642 el
372 1583 524 1642 dominicis
544 1585 664 1655 dicbus,
678 1586 753 1644 sicut
770 1602 828 1644 nec
843 1587 917 1645 inira
939 1594 1052 1644 octavas
1064 1586 1134 1664 Epi·

131 1670 263 1749 phenice,
289 1666 403 1728 Puschae
422 1677 451 1727 ct
473 1671 670 1734 Pentecosten,
694 1671 789 1746 primi
809 1670 857 1728 dic
878 1670 1130 1747 Quodrbgesimoe,

132 1755 192 1813 tutti
211 1752 398 1813 Hebdomada
417 1753 532 1823 sanciri,
554 1754 583 1811 in
604 1754 711 1829 vigiliis
730 1754 894 1812 Natiuitatis
914 1755 1133 1829 Domini,llpi·

130 1837 263 1915 plioniae,
285 1845 314 1895 et
326 1838 507 1895 Pentecostes
518 1858 527 1911 3
539 1836 666 1913 denique
683 1854 718 1895 ex
732 1836 855 1896 decretis
872 1838 902 1896 S.
916 1840 948 1894 C.
964 1838 1040 1919 inira
1053 1847 1132 1896 octu-

129 1940 198 1982 sam
206 1922 343 1998 Corporis
354 1919 460 1980 Christi
471 1963 479 1993 ,
492 1930 522 1980 ct
531 1922 641 1980 Natalis
654 1921 794 1995 Domini,
808 1921 882 1981 sieut
897 1939 950 1982 nee
963 1921 1031 1983 edm
1043 1940 1134 2000 expo·

131 2006 223 2064 situm
242 2014 286 2063 cst
304 2022 405 2064 rcncr.
426 2005 552 2063 Sacram.
568 2005 641 2063 lbid.
657 2006 706 2065 28

168 2087 335 2157 Selemnos,
352 2097 382 2147 et
398 2095 519 2146 cantatae
534 2094 588 2166 pro
601 2089 749 2148 Dciunotis
765 2075 859 2150 missae
872 2090 930 2168 qud
943 2089 1023 2151 diet
1040 2097 1131 2151 tosta·

129 2181 195 2234 tore
216 2171 496 2248 praesumtiosum,
517 2181 547 2232 et
572 2173 621 2230 illo
645 2174 683 2232 sit
706 2173 775 2235 vere
794 2188 891 2233 annua
912 2176 992 2235 illius
1012 2174 1129 2247 oblmis,

128 2254 269 2315 celebrari
291 2263 434 2352 possunt,
456 2255 569 2315 etiamsi
595 2242 724 2316 officium
747 2259 785 2317 sit
807 2257 845 2317 de
866 2257 976 2336 duplici
995 2256 1129 2334 mojori,
1169 2298 1171 2301 .

129 2339 176 2399 vel
198 2338 317 2396 minori.
331 2340 373 2397 ltu
391 2357 426 2397 cx
444 2340 561 2398 decreto
581 2338 654 2399 S.C.
670 2342 712 2398 De
730 2341 826 2399 sacrif.
845 2341 1014 2399 ιιιίεειιι.Ρ
995 2359 1025 2398 o.
1039 2359 1065 2398 o.
1079 2341 1128 2399 25.

129 2443 162 2483 n.
178 2423 208 2482 5.
225 2423 291 2482 Non
314 2422 385 2482 verb
407 2422 439 2482 in
462 2422 615 2482 dominicis
636 2431 666 2481 ct
683 2423 762 2480 iestis
784 2423 821 2480 dc
842 2430 1005 2499 praecepto,
1024 2440 1079 2481 nec
1098 2424 1130 2482 in

128 2508 184 2585 iis,
217 2506 248 2567 in
279 2506 386 2584 quibus
414 2523 468 2567 nee
497 2504 667 2585 dendupliei
689 2506 734 2583 agi
759 2515 864 2584 potest.
894 2508 967 2565 lust.
991 2507 1068 2566 Eecl.
1099 2510 1127 2568 5.

128 2606 160 2654 ιι.
179 2594 229 2654 et.
248 2601 357 2668 etseq.
1131 2618 1135 2625 ·

168 2680 315 2737 Prusonte
341 2688 464 2752 corpore
489 2674 604 2735 canitur
626 2674 746 2752 quidem
772 2674 858 2734 missa
881 2689 936 2751 pro
958 2674 1131 2748 Desunetis,

128 2760 256 2837 exceptis
283 2767 383 2817 tomen
402 2757 571 2835 duplicibus
596 2759 829 2836 primaeolassis.
851 2758 922 2831 Qum
946 2758 1035 2816 verba
1060 2768 1131 2818 sunt

128 2842 341 2902 nonense.
363 2839 485 2900 Ritunm
506 2839 604 2900 dieb.
624 2840 693 2938 julii
713 2844 799 2903 4698.
822 2844 959 2902 Attamen
981 2843 1130 2901 nonsatis

128 2933 265 2997 constat,
292 2942 329 2982 on
354 2923 383 2983 id
408 2925 534 2983 vetitum
558 2925 617 2983 sit
613 2926 653 2984 in
675 2928 811 2987 omnibus
836 2926 1003 3004 duplicibus
1027 2926 1130 3024 prime

128 3008 245 3083 elassis,
254 3017 290 3066 et
303 3024 363 3066 non
380 3006 495 3068 tantum
512 3008 543 3066 in
561 3008 655 3086 magis
675 3011 863 3072 solemnibus.
879 3014 923 3070 De
934 3010 1028 3070 sacrif.
1047 3010 1128 3070 miss.

112 3091 151 3150 .l.
166 3092 196 3150 5.
213 3108 277 3169 cop.
295 3092 342 3150 25.
364 3109 394 3151 n.
410 3092 439 3150 5.

101 3194 105 3208 ’
166 3174 236 3234 Dies
258 3175 366 3249 tertio,
388 3176 530 3253 septimo,
551 3184 581 3236 ct
604 3177 771 3254 trigesimo,
792 3197 857 3256 quae
881 3178 990 3240 habent
1012 3182 1129 3242 missam
1164 3240 1166 3243 .

126 3275 195 3319 cum
207 3258 339 3331 oratione
352 3258 493 3339 propria
486 3276 517 3318 ιιι
532 3259 654 3336 Missali,
667 3259 743 3321 nihil
762 3260 870 3322 habent
880 3265 1025 3342 privilegii
1041 3284 1129 3344 supro
1223 3272 1225 3277 ’

125 3327 255 3420 reliquas
273 3341 412 3419 privatas.
430 3340 505 3402 lbid

165 3426 197 3483 Si
219 3423 362 3502 parochus
384 3425 456 3484 duas
476 3434 559 3503 rogat
580 3427 738 3503 paroecias,
757 3444 811 3487 nee
830 3430 930 3506 populi
954 3431 1042 3488 unius
1062 3449 1129 3507 pos·

127 3510 189 3567 siut
208 3509 237 3566 in
257 3508 400 3585 templum
418 3510 538 3567 alterius
557 3511 731 3582 convenire,
746 3529 779 3568 ac
798 3512 871 3570 desit
887 3513 961 3572 nlius
979 3514 1126 3583 sacerdos,
1207 3523 1209 3525 ’

127 3600 224 3667 potest
240 3590 312 3650 duras
335 3593 436 3650 missas
454 3593 559 3652 codem·
578 3593 627 3652 dic
645 3593 801 3654 eclcbrure.
819 3595 862 3654 De
876 3612 947 3655 sacr.
969 3598 1049 3654 miss.
1063 3597 1084 3655 l.
1097 3600 1125 3655 5.
