2642 4167
302 274 305 281 .
339 254 343 258 ·
388 235 437 294 Ea
450 231 859 314 opert’busBcoedicli'XlV.‘
890 308 896 321 ,
1061 238 1117 300 525

118 339 213 416 digent
224 342 358 408 ,tenetur
365 334 446 395 illam
459 334 599 394 resarcire
608 334 716 393 labn'ca
729 335 752 394 si
761 334 854 404 adsit,
866 334 912 394 sin
924 334 1023 396 minus
1037 345 1119 400 tene·

118 431 169 482 tur
182 418 325 500 parochus
338 419 532 496 non'quidem
546 419 689 478 reditibus
704 420 764 478 suis
782 419 1053 496 patrimonialibus,
1065 424 1118 485 sed

119 524 154 566 ex
170 504 317 565 reditibus
332 503 464 564 beneficii
476 547 485 575 ,
499 504 523 563 si
543 503 579 563 ad
601 520 684 562 suam
697 503 938 562 sustentationem
952 507 1118 584 supersint,

117 606 294 669 quamquam
317 604 377 647 non
393 587 542 664 supersint
562 586 598 646 ad
618 587 859 646 sustentationem
882 588 1118 664 propinquorum

118 673 249 751 ejusdem
272 670 402 748 parochi.
427 672 527 729 Tertio
547 671 611 731 loco
636 671 688 747 qtii
709 668 819 729 babent
838 669 1013 731 beneficium
1027 673 1118 733 ecclc·

118 757 263 817 siastieum
284 756 316 814 in
336 754 385 813 titt
404 754 539 813 Ecclesitl.
555 755 666 826 Quarto
686 754 750 813 loeo
769 754 792 811 si
810 754 933 831 paroecia
944 764 987 815 est
1002 755 1039 815 de
1050 755 1119 833 jure

118 836 306 920 patronatus,
324 848 440 897 tenetur
467 848 609 917 patronus
628 839 689 896 suis
710 837 875 914 sumptibus
902 836 933 897 id
949 856 1053 917 agere,
1079 841 1118 900 ita

117 934 236 990 tamen,
261 930 294 980 ut
313 922 336 980 si
357 921 431 989 inira
450 921 604 997 praefixum
623 921 660 980 ab
683 920 824 998 Episcopo
846 928 962 998 tempus
990 925 1120 984 noluerit

97 1015 254 1083 'sumptus
279 1004 344 1063 illos
365 1005 608 1076 subministrare,
632 1006 748 1064 amittat
763 1003 811 1080 jus
836 1006 1007 1082 patronatus
1032 1007 1118 1068 illud.

118 1090 255 1166 Denique
267 1086 372 1146 ultimo
388 1087 452 1146 loco
467 1096 585 1155 tenetur
604 1089 749 1166 populus,
770 1089 867 1165 etqui
888 1089 920 1147 in
939 1091 973 1148 ca
995 1091 1119 1167 parterii

117 1173 253 1234 habitant
265 1216 273 1240 ,
287 1172 398 1230 etiarnsi
418 1170 580 1231 conducant
597 1171 698 1231 dornos
713 1171 845 1240 alienas,
861 1180 891 1230 et
905 1170 1041 1233 dominus
1055 1175 1120 1233 illa·

110 1277 188 1337 ,rum
200 1256 269 1316 alibi
282 1254 546 1332 liabitet3possunl
565 1264 663 1314 tamen
683 1256 714 1314 in
730 1273 765 1313 eo
785 1273 851 1313 casu
876 1273 912 1314 ex
931 1259 1120 1333 pensionibus

117 1343 241 1401 retentis
258 1359 288 1398 sc
301 1338 451 1398 indemnes
463 1338 597 1398 reddere.
610 1341 651 1398 lta
668 1357 703 1398 cx
714 1338 886 1398 Canonistis.
901 1339 998 1402 lestit.
1010 1343 1117 1405 Eccles.

115 1427 188 1486 too.
199 1444 251 1502 per
266 1433 368 1483 totam.

159 1511 280 1569 Ecclesia
296 1509 439 1586 polluitur
458 1527 510 1586 pcr
522 1507 718 1568 homicidium
737 1509 936 1568 voluntarium
949 1554 957 1581 ,
969 1529 996 1570 c,
1010 1514 1120 1592 Propo·

116 1593 223 1668 saciati,
244 1588 279 1652 de
296 1610 375 1652 cotta.
395 1591 516 1652 Eccl.·Si
532 1593 563 1652 in
582 1593 615 1652 ed
636 1593 804 1669 magnonis
825 1591 946 1652 humani
972 1598 1121 1673 sanguinis
1205 1642 1207 1647 ⁴

116 1676 297 1738 effundatur.
310 1677 380 1735 Can.
392 1674 529 1759 Ecclesit's
537 1721 547 1751 ‚
562 1675 596 1735 de
615 1694 693 1734 coos.
710 1674 779 1734 dist.
791 1678 820 1731 1.
833 1675 862 1732 Si
874 1676 977 1752 sponte
989 1679 1121 1737 ellunda·

116 1774 170 1823 tur
187 1778 285 1820 semen
308 1758 490 1831 humanum,
514 1762 574 1819 aloe
593 1758 697 1838 effusio
714 1760 755 1818 sit
775 1757 933 1818 secuuddm
959 1769 1118 1837 raetorum,

114 1845 180 1906 sice
198 1851 319 1913 contro,
334 1842 393 1903 sive
411 1861 464 1922 per
482 1840 618 1923 copulam
633 1839 709 1900 elida
727 1839 857 1917 licitam,
880 1843 940 1902 siue
959 1862 1013 1923 per
1034 1842 1122 1906 illici·

116 1941 203 2005 tarn,
217 1948 253 1990 ex
269 1927 365 1988 eodem
384 1935 486 1999 teoto,
503 1938 531 1986 et
548 1946 614 2008 cop.
627 1926 664 1987 Si
674 1922 819 1996 Ecclesia,
831 1925 866 1986 de
885 1944 1007 1988 consecr.
1023 1929 1118 1991 eccles.

114 2017 147 2075 Si
160 2012 574 2074 excommunicatusvitandus
588 2012 619 2071 in
637 2012 671 2070 ed
688 2011 866 2088 sepeliatur,
884 2029 911 2069 e.
927 2011 1119 2089 Cooateluiati,

113 2097 152 2158 de
163 2115 241 2157 cona.
259 2093 325 2157 ecel.
340 2098 413 2156 item
424 2097 447 2154 si
466 2096 506 2155 ibi
521 2097 678 2174 sepeliatur
691 2095 845 2166 ethnicus,
862 2112 927 2155 can.
942 2094 1118 2179 Ecclesiam,

113 2179 152 2243 de
168 2198 293 2242 cooaeer.
306 2179 375 2242 diat.
390 2182 420 2240 1.
438 2181 481 2239 De
494 2181 639 2241 Sacrificio
654 2182 747 2240 illissoe
761 2180 784 2239 l.
798 2179 828 2238 5.
843 2198 868 2239 c.
883 2181 913 2240 7.
929 2198 959 2241 n.
971 2181 1002 2244 1.

513 2351 725 2445 urucorus

157 2519 292 2598 Episcopi
309 2521 487 2581 consecratio
505 2520 541 2579 ab
558 2538 677 2591 unone,
692 2520 739 2580 vel
763 2521 887 2581 acribus
905 2523 972 2582 ficri
992 2542 1123 2584 necessa·

114 2605 169 2667 rib
181 2604 285 2665 debeat
297 2648 305 2675 ,
317 2613 350 2664 ut
367 2605 478 2679 valeat,
495 2603 673 2681 quamquam
684 2605 722 2664 sit
736 2607 856 2679 quaestio
870 2607 947 2663 inter
960 2606 1121 2684 theologos,

114 2691 189 2752 ciam
200 2689 710 2750 tamcnPontilicesconsueverintin
722 2688 794 2755 locis
806 2690 876 2756 ‚ubi
888 2690 994 2749 desunt
1008 2693 1123 2769 Episco-

113 2778 147 2854 pi
157 2820 167 2844 ,
177 2775 255 2834 ulab
269 2792 329 2834 uno
340 2773 454 2833 tantum
470 2775 611 2850 Episcopo
626 2773 803 2833 consecratio
818 2773 870 2831 ista
881 2774 945 2847 liat,
959 2776 1123 2836 facultatem

114 2859 280 2921 concedere
290 2879 299 2932 3
311 2855 507 2916 binevidetur
517 2857 848 2934 probabiliorsentcntia
861 2875 990 2917 asserens
1003 2861 1123 2918 unicum

113 2943 297 3020 Episcopum
318 2940 460 2999 sufficere.
486 2940 587 3000 Solent
605 2950 703 2999 tamen
721 2940 873 2999 Pontifices
891 2943 1068 3018 praecipere,
1089 2952 1123 3003 ul

112 3027 265 3104 Episcopo
278 3024 457 3084 consecranti
466 3023 664 3102 adjungantur
673 3026 732 3084 duo
748 3024 891 3092 abbates,
907 3026 951 3083 vel
964 3025 1023 3084 duo
1036 3043 1124 3086 sacer

111 3110 205 3171 dotes
225 3111 256 3169 in
283 3110 425 3186 dignitate
440 3109 629 3168 ecclesiastici
644 3109 806 3168 constituti.
824 3112 865 3168 lta
880 3110 1123 3187 pluribusallalis

90 3227 95 3232 ·
112 3194 275 3271 exemplis.
286 3195 330 3252 Dc
340 3193 458 3266 Synode
470 3192 647 3260 dioecesana,
662 3195 716 3252 1ι1ι.
733 3197 781 3252 15.
801 3212 865 3271 cap.
877 3196 925 3252 l5.
940 3212 1023 3252 num.
1037 3197 1064 3253 b'.
1079 3196 1123 3255 lbi

111 3277 234 3355 pariter
246 3275 416 3336 decernitur
427 3277 524 3336 valere
539 3280 786 3337 consecrationem
802 3278 933 3354 Episcopi
945 3277 982 3334 ab
994 3295 1052 3336 uno
1063 3279 1123 3336 An·

111 3359 229 3429 tistite,
245 3378 306 3419 uno
323 3358 438 3419 tantum
452 3358 564 3436 adjecto
579 3362 770 3437 presbytero,
789 3362 965 3433 conlectam,
981 3365 1053 3436 quin
1069 3361 1123 3419 etsi

111 3444 222 3502 nullus
248 3444 323 3503 alius
351 3453 458 3520 praeter
483 3455 701 3503 consecrantem
726 3445 847 3502 assistat.
870 3447 912 3503 Dc
937 3446 1007 3521 Syn.
1030 3445 1121 3504 llioec.

109 3528 137 3587 l.
158 3527 211 3585 15.
226 3547 253 3586 c.
266 3529 314 3587 15.
328 3548 359 3588 ιι.
374 3530 403 3587 9.
642 3600 647 3608 ¹

158 3609 313 3670 Pactiones
326 3612 406 3673 initae
419 3611 436 3670 t
451 3611 584 3690 Capitulo
603 3613 746 3688 electore,
765 3620 794 3673 et
802 3611 907 3690 juratae
925 3612 962 3672 ab
975 3613 1123 3692 Episcopis

163 3696 248 3755 Tom-
263 3697 322 3758 IX.
906 3699 944 3758 28
