2642 4167
310 262 383 340 Cup.
396 262 426 321 2.
440 260 675 323 Desutrcmeuto
687 255 801 319 ordinis
814 256 965 338 inponere.
1085 260 1143 323 203

136 372 234 425 autem
256 370 466 433 mortuorum,
492 369 525 421 ut
550 362 735 440 baptismus,
761 367 791 419 ει
816 358 1010 438 punitentia,
1035 378 1145 441 perse

134 448 247 509 liabent
265 463 384 508 causare
405 446 533 524 primam
551 445 687 524 gratiam.
702 444 765 504 Alia
780 444 853 505 verti
864 451 1061 516 sacramenta,
1077 461 1145 524 quse

135 542 205 596 sunt
222 532 380 601 vivorum,
399 529 515 591 tantiam
533 539 724 609 augmentum
744 530 846 608 gratiae
867 538 1008 590 causante
1022 529 1073 591 sed
1089 530 1143 591 ali·

134 617 256 697 quando
275 618 308 676 in
328 615 458 689 attritis,
472 617 522 694 qui
536 623 677 694 reputant
695 632 726 674 se
744 614 902 683 contritos,
916 623 1035 675 causant
1052 614 1143 675 etiam

134 702 264 781 primam
290 702 439 780 gratiam,
463 710 497 760 ut
522 701 606 760 docet
624 702 666 758 D.
691 697 744 759 rt.
768 699 806 757 de
827 697 1028 770 Eucharistia‚
1050 707 1081 759 ει
1105 700 1143 760 de

134 796 268 846 extrema
280 786 437 858 unctione,
453 795 481 845 et
493 794 658 865 sequuntur
669 784 745 845 Gora.
761 784 848 844 Gouc.
860 786 950 847 Rcuc.
961 784 1051 845 Sucr.
1062 785 1140 845 Boo.

133 867 229 932 Sudor.
244 877 295 930 etc.
310 869 358 947 (t.
372 871 402 930 6.
417 889 449 929 u.
464 870 520 948 6.).
651 930 654 938 ,

172 958 223 1017 94.
242 986 281 1001 -
300 955 382 1015 Alter
404 953 525 1014 effeetus
550 964 799 1015 sacramentorum
822 963 866 1014 cst
890 953 1048 1014 character.
1067 951 1143 1015 Cha·

132 1051 232 1103 raeter
251 1048 348 1099 autem
368 1048 413 1100 est
432 1039 587 1114 Quoddcm
605 1037 791 1122 signaculum
802 1036 959 1119 spirituale
974 1036 1141 1110 indelebile,
1187 1061 1196 1077 a

132 1124 311 1207 impressum
334 1124 445 1186 cuinam
466 1124 652 1206 suscipientis
674 1133 918 1186 sacramentum:
940 1125 1013 1184 illud
1036 1124 1142 1203 impri-

132 1213 230 1273 mitur
253 1209 369 1272 tantiam
393 1209 426 1269 in
451 1208 620 1289 baptismo,
642 1210 886 1280 confirmatione,
910 1217 940 1269 et
962 1209 1091 1271 ordines
1112 1216 1142 1270 ει

132 1294 283 1374 signifieat
305 1304 498 1374 potestatem,
518 1298 580 1356 sive
603 1296 777 1373 dignitatem
801 1314 836 1355 cx
856 1292 1026 1371 hujusmodi
1047 1312 1143 1355 saera·

131 1381 245 1441 mentis
270 1382 466 1458 susceptam:
491 1381 523 1441 in
550 1381 696 1459 baptismo
725 1381 804 1441 cuim
831 1389 875 1441 cst
898 1381 1016 1458 signum
1043 1377 1143 1439 ouium

131 1466 264 1541 Christi,
290 1482 349 1544 quo
374 1465 475 1527 fideles
499 1466 668 1527 efficiuntur
693 1466 791 1527 idonci
819 1466 856 1526 ad
884 1466 939 1525 alia
964 1472 1143 1524 sacramenta

67 1558 71 1564 “
132 1550 303 1631 recipienda
320 1573 328 1610 a
348 1553 379 1612 in
404 1552 628 1613 confirmatione
652 1563 697 1613 est
719 1556 837 1630 signum
860 1548 991 1610 miiitum
1013 1547 1141 1619 Christi,

132 1658 196 1718 quo
208 1638 272 1698 vim
284 1638 430 1716 accipiunt
442 1639 478 1699 ad
490 1639 578 1698 fidem
591 1648 757 1698 constanter
769 1634 984 1714 profitendam:
998 1634 1029 1692 in
1039 1633 1143 1694 ordine

131 1735 178 1786 est
189 1724 307 1802 signum
322 1721 641 1785 mitaistrorumchristi
650 1768 660 1798 ,
676 1740 734 1800 quo
749 1730 923 1799 potestatem
936 1718 1093 1797 acquirunt
1106 1718 1143 1778 ad

131 1818 316 1871 sacramenta
337 1808 471 1869 fidelibus
488 1809 694 1870 ministranda.
710 1805 895 1884 imprimitur
913 1814 1011 1864 autem
1026 1802 1143 1864 charae·

131 1905 181 1956 tcr
202 1896 292 1953 etiam
311 1894 342 1953 in
360 1903 542 1954 sacramento
562 1890 664 1953 illicite
676 1899 810 1970 suscepto
826 1915 834 1950 a
852 1909 905 1951 nee
924 1891 1071 1950 amittitur
1089 1907 1142 1968 pet·

131 1987 298 2060 peecatum.
313 1978 478 2039 Notandum
498 1979 636 2055 insuper,
654 1977 734 2057 quod
755 1996 791 2037 cx
808 1976 975 2055 baptismo,
989 1984 1019 2036 ct
1033 1975 1142 2035 constr·

131 2064 266 2127 mationa
284 2063 379 2122 oritur
398 2065 473 2124 alius
493 2064 633 2135 effectus,
653 2081 760 2141 nempe
779 2062 1023 2142 impedimentum
1041 2077 1142 2139 cogna-

131 2149 226 2211 tionis
245 2147 424 2227 spiritualis,
438 2166 504 2226 quae
523 2148 638 2209 dirimit
658 2149 882 2209 matrimonium
899 2148 976 2208 inter
996 2147 1143 2225 baptizan-

129 2244 196 2295 tem
219 2241 250 2293 et
272 2232 472 2310 baptizatum,
499 2232 696 2314 baptizatique
720 2244 832 2313 patrem
854 2240 885 2293 et
908 2244 1042 2294 matrem.
1065 2235 1140 2293 ltem

130 2320 214 2379 inter
232 2327 430 2394 susceptorem
443 2318 517 2396 [sive
532 2321 694 2400 patrinum)
710 2329 741 2380 et
758 2329 941 2398 susceptum,
956 2319 1140 2396 susceptique

130 2411 250 2483 patrem
268 2409 298 2460 et
317 2410 455 2462 matrem.

552 2574 674 2635 CAPUT
689 2574 729 2633 11.

286 2736 342 2815 De
366 2747 591 2818 saemmento
619 2738 756 2816 ordinis
779 2739 818 2814 in
841 2762 985 2840 genero.

127 2938 209 3007 Quid
224 2938 411 2993 etcertum.
426 2938 499 3004 Quid
518 2939 669 2993 ordinatio.
685 2941 727 2992 26,
747 2943 819 3006 Quot
836 2938 892 2993 siut
911 2937 1038 2997 ordines:
1055 2942 1081 2992 et
1099 2952 1139 2992 cu

160 3011 352 3078 Episcopatus
374 3012 409 3064 sit
430 3013 499 3065 ordo
523 3013 679 3065 distinctus.
700 3015 741 3066 at.
761 3021 803 3066 Au
822 3013 927 3080 siuputi
951 3012 1061 3065 ordines
1082 3012 1139 3063 aiut

162 3092 355 3138 sacramente.
366 3088 408 3138 28.
421 3088 555 3150 Quoeuum
572 3088 691 3140 cauteria
705 3096 729 3141 et
745 3089 838 3156 formu
851 3087 968 3145 ordiuiu·
981 3090 1005 3138 et
1018 3084 1050 3136 de
1063 3090 1139 3137 tactu

160 3157 300 3227 physico,
319 3165 344 3211 et
358 3159 533 3213 simultaneo.
548 3161 590 3212 att.
608 3160 675 3225 Quis
691 3162 824 3213 minister.
840 3163 882 3212 ὅθ,
899 3160 1025 3227 Effectus.
1037 3163 1078 3210 δι.
1096 3171 1140 3211 re·

162 3229 290 3298 quisito,
309 3237 341 3283 ut
359 3231 421 3299 quis
439 3230 529 3286 aulide
548 3232 759 3287 arctamenta.
776 3238 807 3286 t't
827 3238 920 3285 autem
941 3231 1029 3293 ttrite,
1046 3232 1139 3298 requi-

160 3301 244 3355 ritur
258 3306 280 3353 t.
294 3304 484 3371 confirmatio.
499 3309 537 3356 11.
550 3309 581 3358 t‘t
594 3319 653 3358 uon
666 3307 702 3359 sit
713 3307 844 3375 inseratis,
858 3311 908 3358 etc.
918 3313 961 3357 Aa
974 3303 1138 3372 protestatio
1225 3321 1231 3328 ·

162 3375 313 3443 Episcopi,
329 3378 571 3431 stultissimus
591 3378 750 3432 eteaieundt
762 3381 809 3431 W.
824 3381 856 3429 tn
871 3376 906 3429 ab
919 3378 1053 3444 Episcopo
1070 3391 1139 3444 pro-

162 3448 251 3516 prio,
262 3454 313 3500 ete.
324 3450 366 3502 53.
379 3450 446 3514 Quis
457 3450 493 3504 sit
502 3451 654 3519 Episcopus
666 3451 807 3518 proprius.
817 3449 966 3517 deputares
979 3448 997 3501 d
1008 3463 1077 3517 quo,
1088 3458 1138 3505 ete.

163 3522 315 3575 remissive.
327 3526 369 3576 at.
383 3526 413 3576 V.
425 3523 556 3578 scientie.
568 3529 601 3578 53
612 3531 636 3578 et
648 3526 690 3576 eu.
705 3527 749 3578 Vt.
762 3522 869 3577 Titulus
876 3537 886 3585 ,·
898 3529 922 3577 et
935 3523 1086 3591 quotupleu
1103 3525 1140 3578 sit

166 3591 280 3647 titulus:
294 3597 328 3646 et
339 3599 365 3649 et
377 3598 419 3649 38.
432 3600 471 3650 De
485 3597 657 3665 patrimonio
675 3598 750 3664 ficto.
767 3598 810 3651 ta.
827 3600 882 3651 Vn.
899 3599 930 3649 ut
943 3597 1010 3651 ordo
1022 3598 1139 3666 inferior

164 3666 341 3734 suscipiatur
358 3674 424 3724 ente
436 3671 614 3739 superiorem.
632 3673 703 3727 t'm.
717 3673 830 3740 Teaapus
842 3670 969 3726 deditum.
982 3673 1023 3726 to.
1035 3675 1082 3726 tx.
1094 3676 1141 3726 tu·

179 3741 338 3805 TooulX.
951 3743 989 3805 tu
