2642 4167
402 211 430 291 S.
445 213 468 272 l.
483 209 669 272 Deorotimoe
684 162 895 273 meditationis.
1094 211 1152 274 tos

141 323 239 398 rotis,
255 321 364 402 quibus
382 321 534 382 audiendis
551 321 802 401 auxiliandisqre,
818 319 937 399 quando
953 321 1150 383 confessarius

143 410 208 471 uult
216 452 227 486 ,
242 417 360 488 tempus
372 425 434 469 non
445 406 550 467 deerit.

427 634 430 637 Δ
504 598 719 660 crematam
732 600 782 660 lx,

144 784 297 866 Quomodo
305 803 336 847 se
344 802 441 867 perere
452 782 552 847 dolrem
563 782 761 930 coufespupius
771 782 805 843 io
813 780 974 865 diripeodio
986 779 1143 847 animales

411 891 414 896 ·
537 868 667 951 spirituo
676 866 693 927 i
710 886 756 929 us.

181 1119 236 1180 iil
244 1162 252 1178 .
261 1056 371 1202 Quor
382 1112 454 1174 olim
468 1111 544 1173 dixit
555 1112 700 1173 Dominus
712 1112 847 1176 leremioe
859 1136 868 1175 ε
882 1116 955 1178 Eece
974 1112 1149 1180 constituite

141 1208 358 1284 superpositos,
378 1206 413 1258 ut
432 1195 558 1266 suellos,
577 1195 764 1278 solidissimo,
783 1207 813 1259 et
827 1199 951 1281 edifices
971 1210 1000 1262 et
1012 1200 1148 1283 plantes,-

142 1289 223 1350 idem
234 1304 314 1346 nunc
326 1283 436 1361 repetit
447 1282 570 1360 singulis
583 1282 765 1343 consessuriis
775 1327 783 1355 ‚
793 1284 845 1361 qui
858 1303 918 1345 non
933 1284 1028 1347 soldm
1040 1285 1148 1345 debent

142 1372 270 1433 evellere
281 1367 353 1428 vitia
373 1384 409 1426 ex
429 1367 488 1426 suis
509 1365 743 1444 paenitentibus,
761 1368 913 1428 sedetiam
927 1369 1078 1430 debentin
1092 1370 1151 1428 illis

143 1455 271 1515 uirtutes
292 1452 432 1513 inserere.
460 1450 544 1510 Unde
575 1449 732 1527 expediens
754 1459 800 1511 est
822 1451 929 1512 addere
960 1450 1010 1512 hie
1038 1454 1069 1511 in
1092 1451 1152 1510 fine

143 1537 323 1617 rapothae,
345 1534 424 1613 qrrod
449 1534 559 1612 poterit
582 1534 725 1594 inservire
744 1535 925 1594 confessariis
942 1534 1096 1612 tyronibus
1115 1532 1153 1592 ad

143 1621 314 1700 dirigendos
333 1619 445 1677 animas
459 1617 625 1696 spirituales
643 1618 678 1676 ad
697 1619 917 1696 perfectionem.
931 1619 996 1676 Non
1010 1625 1079 1675 sunt
1092 1616 1155 1692 qui·

143 1709 214 1767 dem
230 1702 394 1782 expellendi
406 1711 588 1781 peccatores,
605 1709 639 1762 ut
651 1700 788 1782 superuis
799 1700 948 1772 diximus,
964 1701 1014 1760 sed
1025 1699 1042 1760 d
1053 1698 1153 1762 contra

143 1809 220 1870 opus
234 1797 278 1850 cst
296 1789 384 1847 etiarn
399 1784 527 1847 multirm
541 1789 604 1846 Deo
628 1796 781 1866 acceptum
797 1804 917 1864 sponsas
933 1787 975 1847 illi
989 1787 1149 1863 adornare,

143 1876 259 1936 animas
269 1872 377 1933 scilieet
392 1871 557 1948 spirituales
571 1873 724 1944 excolere,
736 1880 770 1931 ut
784 1872 816 1931 in
830 1880 924 1931 toturn
943 1872 1027 1932 soilli
1039 1871 1152 1932 donent

145 1955 333 2033 traduntque.
359 1954 513 2032 Acceptior
530 1961 574 2013 est
601 1953 665 2031 ejus
689 1956 781 2015 oculis
800 1955 899 2016 animai
919 1958 978 2017 sola
999 1956 1150 2036 perlecta,

145 2040 237 2120 quiem
255 2040 337 2100 mille
351 2037 539 2115 imperfectae.
559 2039 643 2099 Unde
659 2038 727 2100 edm
747 2041 828 2100 videt
848 2043 1039 2102 confessarius
1056 2042 1152 2120 poeni·

144 2135 259 2186 tentem
272 2124 373 2183 virere
390 2122 554 2181 immunem
569 2118 585 2180 a
603 2123 696 2199 culpis
709 2125 898 2197 mortalibus,
915 2144 1032 2187 omnem
1051 2143 1152 2186 curam

144 2207 288 2268 adhibere
302 2205 390 2265 debet
403 2248 411 2274 ,
429 2214 463 2264 ut
477 2223 546 2263 eum
568 2206 598 2264 in
610 2207 687 2265 riam
699 2208 901 2285 perfectionis,
912 2220 942 2269 et
956 2210 1049 2269 divini
1070 2228 1153 2271 amo·

144 2294 190 2354 ris
200 2290 366 2350 introducat
378 2332 386 2360 ‚
399 2289 442 2347 illi
459 2292 695 2366 repraesentando
704 2293 843 2352 meritum
853 2337 862 2364 ‚
873 2294 951 2370 quod
962 2292 1050 2354 habet
1061 2296 1151 2361 Deus,

144 2384 183 2434 ut
196 2383 330 2443 ametur,
345 2381 376 2432 et
394 2372 603 2450 gratitudinem
621 2393 710 2450 quam
721 2376 861 2435 debemus
874 2378 942 2436 lesu
951 2375 1066 2436 Christo
1079 2419 1087 2448 ‚
1100 2376 1152 2453 qul

141 2474 203 2519 nos
224 2458 333 2516 amarit
351 2473 444 2537 usque
463 2455 500 2514 ad
517 2457 703 2517 moriendum
725 2477 779 2536 pro
798 2460 902 2536 nobis;
921 2478 975 2518 nec
996 2477 1055 2518 non
1073 2460 1152 2536 pori·

142 2541 249 2602 culum
262 2542 294 2600 in
308 2558 368 2619 quo
383 2549 538 2599 versantur
562 2558 664 2600 onrnes
675 2542 798 2610 atrimae,
813 2561 879 2617 quae
892 2541 1026 2600 vocatoria
1040 2543 1101 2600 Deo
1115 2541 1151 2601 od

142 2625 239 2682 vitam
262 2622 482 2702 perfectiorem,
500 2623 542 2683 illi
562 2625 714 2683 resistunt.
730 2626 764 2681 ln
783 2625 877 2682 tribus
895 2626 985 2700 igitur
1006 2623 1153 2702 precipue

142 2708 243 2787 posita
256 2717 300 2766 est
313 2707 437 2766 directio
450 2707 616 2766 confessarii
633 2705 730 2783 quoad
749 2708 860 2764 animas
878 2707 1043 2784 spirituales
1055 2750 1063 2777 ‚
1075 2708 1154 2766 seili-

143 2800 196 2851 cet
206 2791 237 2849 in
254 2790 465 2860 meditatione,
480 2790 511 2849 in
530 2789 797 2868 contemplatione,
817 2790 848 2864 in
869 2789 1110 2862 mortificatione,
1123 2797 1154 2850 ct

142 2876 181 2935 in
199 2875 363 2952 frequentia
384 2874 662 2948 sacramentorum,
685 2881 716 2934 et
733 2871 770 2933 de
785 2874 924 2936 omnibus
939 2871 986 2936 his
1003 2873 1152 2954 sigillatim

142 2956 290 3019 dicemus.

402 3154 431 3235 S.
447 3159 471 3217 l.
485 3157 530 3217 De
543 3158 680 3223 oratioue.
689 3157 899 3223 meditationis.

189 3347 419 3471 impressas
442 3427 512 3488 ergo
534 3413 724 3474 confessarius
739 3413 808 3474 edm
833 3415 928 3474 cernit
945 3416 1073 3479 animam
1099 3420 1153 3481 ali·

145 3507 240 3567 quum
265 3489 478 3553 abhorrentem
499 3505 614 3572 peccota
632 3497 785 3569 mortalia,
806 3505 837 3557 et
848 3497 1062 3571 desiderantem
1084 3521 1154 3582 pro·

143 3570 233 3651 gredi
251 3574 285 3633 in
297 3591 398 3636 ornare
410 3576 530 3651 diuino,
554 3587 623 3639 anto
642 3581 741 3641 omnia
757 3580 847 3644 'debet
859 3583 939 3646 illam
950 3584 1105 3664 disponere
1114 3589 1150 3648 ad
