2642 4167
417 172 468 265 Eu
479 202 611 285 operibus
628 165 781 265 denedicti
791 206 881 266 rit.
1095 210 1152 271 285

48 336 50 345 =
147 307 266 453 npnicp9
284 304 400 449 abepitoe
422 312 516 377 sunt,
539 311 574 365 ut
601 321 638 364 ex
660 305 728 365 DD.
748 304 979 367 demonstratur.
1003 305 1076 367 lust.
1100 309 1154 369 Ec-

145 412 214 454 eeS.
269 410 321 451 .n.
357 433 365 448 .

45 552 46 555 Ἴ
183 478 215 538 Sl
237 476 360 535 cadaver
381 471 589 534 tumulandum
610 474 649 534 sit
667 475 700 532 in
719 472 845 535 Ecclesii
863 473 1066 552 regularium,
1091 494 1151 536 non

144 567 241 642 potest
251 557 395 639 parochus
409 557 543 634 exigere,
557 565 590 615 ut
600 565 773 635 apportetur
784 555 867 636 priris
883 557 919 616 ad
935 559 1150 636 parochialem,
1218 594 1219 597 κ

143 656 176 709 ct
195 645 237 705 ibi
256 651 419 723 exponatur
433 684 442 712 ,
458 641 527 699 dein
541 641 571 700 in
589 640 771 718 sepulturam
789 642 819 701 in
834 642 959 703 Ecclesid
971 644 1150 721 regularium

142 729 306 799 inseratur,
324 735 358 786 ut
382 743 418 785 cx
435 725 549 802 buenni
563 724 704 787 funerum
718 726 831 795 censuit
849 727 928 786 Sacr.
950 728 1057 805 Congu.
1075 729 1152 789 Con·

141 812 215 873 cilii.
231 814 302 872 lust.
316 811 423 870 Eccles
433 810 501 867 tot.
517 825 548 867 n.
563 809 612 868 ro.

181 899 225 956 Ex
237 896 368 956 Decretis
388 912 460 953 sacr.
476 894 619 973 Congreg.
636 892 759 954 Concilii
777 893 928 955 firmatum
950 902 994 955 cst
1013 914 1072 955 non
1090 912 1151 955 esso

139 980 301 1042 levandum
320 978 467 1039 cadaveri
482 978 572 1037 dumo
582 974 692 1055 absque
705 979 881 1056 prumentii,
902 997 935 1039 ac
948 979 1083 1039 facultate
1097 996 1149 1057 pa·

139 1062 224 1126 rachi
233 1063 304 1133 loci,
314 1062 366 1121 ubi
378 1062 484 1122 domus
494 1062 548 1121 sita
560 1070 615 1121 est.
625 1061 702 1121 lbid.

180 1146 254 1208 Ciam
270 1147 463 1225 distinguitur
472 1146 596 1205 Ecclesia
611 1146 761 1206 tumulans
777 1144 794 1206 i
808 1145 986 1226 parochiali,
1002 1147 1149 1227 processio

138 1232 273 1293 funebris
291 1231 379 1297 debet
401 1229 536 1289 incedere
555 1229 610 1290 sub
627 1247 713 1290 cruce
732 1231 865 1292 Ecclesiae
886 1231 1077 1302 tumulantis,
1095 1250 1149 1290 nee

137 1323 238 1394 potest
256 1314 375 1393 precelsi
398 1313 609 1374 consuetudine
634 1314 779 1390 parochus
800 1316 951 1394 propriam
970 1333 1086 1375 crucem
1105 1315 1148 1373 le·

134 1417 231 1470 vare,
252 1400 307 1459 nisi
330 1399 364 1458 in
384 1416 470 1470 casu,
489 1415 549 1474 quo
573 1396 751 1458 interveniat
773 1400 934 1477 capitulum
955 1397 1147 1470 cathedralis,

134 1492 213 1542 tunc
225 1482 402 1543 cathedralis¹
416 1499 488 1543 crux
502 1481 562 1540 sula
577 1482 724 1558 praecedit.
740 1483 783 1542 lta
799 1501 835 1542 ex
850 1484 975 1543 decretis
986 1500 1059 1542 sacr.
1071 1483 1148 1541 Con·

29 1580 31 1588 ’
122 1567 329 1646 ,gregationia
343 1566 460 1626 ibid.n.
475 1567 524 1626 26.

176 1652 336 1711 Societatcs
344 1651 433 1710 sunus
444 1652 634 1721 comitantes,
646 1651 671 1710 si
683 1650 843 1728 procedant
857 1668 924 1709 cum
933 1667 1014 1709 sacco
1025 1694 1033 1723 ‚
1045 1659 1146 1710 tenent
1248 1716 1253 1724 ἡ

131 1737 236 1795 locum
255 1743 324 1794 ante
342 1735 484 1795 ierctrum
495 1777 504 1806 ,
517 1742 548 1794 et
561 1742 629 1794 ante
642 1733 755 1793 clerum
769 1742 830 1792 tarn
848 1734 1040 1803 saecularem,
1054 1732 1145 1812 quim

129 1820 300 1898 regularem
312 1840 322 1894 3
338 1820 361 1878 si
375 1820 438 1878 sinc
450 1835 532 1878 saeco
545 1861 553 1888 ,
576 1826 645 1878 caut
665 1828 731 1896 post
742 1818 885 1878 feretrum
897 1860 907 1891 ,
921 1817 965 1879 uti
978 1836 1014 1879 ex
1027 1820 1144 1879 statutis

130 1904 207 1967 cleri
222 1906 351 1965 romani.
365 1903 441 1964 ibid.
457 1921 489 1963 n.
504 1904 553 1963 511.
570 1904 619 1963 dl.

174 1989 250 2049 Laici
267 1982 415 2066 regulares
427 2006 487 2047 non
500 1987 610 2047 debent
630 2004 800 2065 comparere
817 2004 885 2048 cnm
904 1988 1060 2067 capellanis
1074 2003 1144 2050 eon·

128 2075 230 2136 ductis
242 2073 273 2131 in
287 2071 470 2149 processione
480 2071 616 2145 funebri,
629 2080 664 2131 ut
679 2073 781 2132 multis
797 2072 943 2134 firmatur.
960 2074 1036 2134 lbid.
1048 2092 1080 2135 n.
1092 2075 1141 2136 tu.

128 2162 174 2220 At
192 2159 217 2218 si
237 2158 379 2217 invitatus
395 2156 434 2216 sit
452 2166 614 2217 conuentus
631 2157 793 2235 regularis,
814 2159 864 2235 qui
884 2157 963 2218 certi
983 2166 1142 2220 constater

127 2242 233 2312 laicis,
247 2241 395 2301 convemis
406 2284 414 2310 ,
425 2248 456 2299 et
474 2241 694 2314 sacerdotibus,
710 2242 884 2304 excludendi
897 2261 957 2304 non
970 2252 1050 2303 sunt.
1064 2243 1140 2304 thid.

172 2324 330 2404 Regularcs
342 2324 406 2402 cogi
423 2343 484 2384 non
497 2334 619 2402 possunt
630 2328 822 2395 utassocicnt
833 2345 972 2405 pompam
984 2324 1141 2386 funebrem

128 2408 202 2471 edm
223 2409 347 2494 cadaver
361 2409 393 2467 in
415 2425 518 2468 eornm
530 2409 655 2469 Ecclesii
668 2410 871 2487 sepeliendum
884 2419 943 2485 cst,
955 2408 1005 2468 sed
1018 2417 1141 2486 possunt

128 2494 172 2554 ad
191 2493 296 2570 januas
312 2492 445 2552 Ecclesiae
462 2510 523 2553 suae
545 2500 709 2571 expectare.
726 2495 769 2551 lte
791 2510 828 2553 ex
843 2494 938 2553 Ducis.
960 2510 1050 2553 sacroe
1063 2493 1141 2553 Con·

127 2596 216 2660 greg.
231 2577 308 2638 ibid.
323 2595 354 2636 n.
372 2578 421 2637 58.

171 2663 203 2721 Si
221 2661 288 2738 quis
302 2659 450 2721 habitator
470 2659 557 2720 Urbis
571 2659 692 2720 decedat
710 2660 774 2719 ruri
788 2678 849 2721 non
862 2660 953 2720 electi
967 2661 1138 2738 sepulturi,

125 2745 256 2808 cadaver
276 2743 339 2821 ejus
357 2744 516 2821 sepulturae
533 2743 735 2807 mandandum
756 2752 800 2804 est
823 2762 883 2803 non
902 2745 935 2803 in
950 2745 1074 2804 Ecclesia
1089 2763 1141 2804 ru-

126 2829 210 2899 rali,
230 2829 280 2887 sed
302 2831 333 2888 in
350 2829 401 2888 sni
417 2828 564 2902 paroecia,
583 2829 630 2887 vei
647 2828 678 2886 in
692 2828 835 2899 Ecclesid,
850 2828 900 2888 nbi
914 2828 968 2887 sita
986 2839 1030 2888 est
1042 2830 1140 2907 sepul-

126 2922 199 2973 tura
217 2911 364 2989 majorum
383 2912 494 2990 ipsius,
515 2920 549 2971 ut
564 2911 694 2971 decisum
712 2930 776 2989 cap.
788 2913 822 2972 Is
834 2911 888 2990 qui
898 2957 906 2984 ,
925 2912 962 2972 de
979 2913 1140 2991 ¹sepulturis

124 2997 164 3057 in
181 2997 225 3068 6.,
238 2996 401 3057 dummodo
419 2995 451 3054 id
470 2995 562 3072 possit
580 2995 644 3055 ficri
665 2997 727 3055 sinc
739 2996 820 3074 graui
835 2995 1034 3056 incommodo.
1046 2997 1140 3057 Graue

125 3089 229 3148 autem
250 3080 472 3142 incommodum
491 3078 619 3140 declarat
638 3081 772 3140 Pontifex
790 3081 972 3141 intercedere
991 3081 1015 3139 si
1042 3080 1139 3140 obitus

125 3164 242 3225 accidat
264 3164 295 3224 in
314 3164 379 3224 loco
398 3164 474 3222 ultra
493 3166 548 3222 tria
561 3164 698 3222 milliaria
710 3163 836 3223 distante
846 3162 863 3221 i
874 3165 1009 3240 paroecid.
1023 3163 1056 3222 ld
1068 3162 1137 3224 verb

125 3263 167 3307 ex
185 3247 311 3325 puritate
337 3247 460 3307 rationis
480 3246 670 3307 statuendum
689 3255 734 3306 cst
752 3245 790 3305 dc
811 3245 885 3319 illo,
906 3251 958 3323 qui
974 3247 1038 3307 ruri
1053 3245 1138 3308 habi·

125 3337 196 3390 tans
217 3331 386 3391 incivitate
406 3329 536 3397 decedat.
558 3329 635 3390 ibid.

166 3411 244 3475 ctm
261 3431 334 3483 rure
351 3412 585 3475 transferendum
608 3422 652 3473 est
673 3413 796 3477 cadaver
815 3414 846 3473 in
867 3414 1035 3487 civitatem,
1057 3414 1137 3475 deic-

122 3497 257 3558 rendum
277 3507 322 3559 cst
337 3498 369 3559 in
391 3498 531 3560 catalecto
553 3496 736 3576 praecedente
751 3515 837 3557 eruce
850 3497 866 3557 i
881 3500 959 3560 ciero
979 3499 1091 3573 delati,
1105 3508 1134 3561 et

124 3582 338 3645 associantibus
352 3582 478 3661 gerarinis
493 3580 711 3657 sacerdotibus,
724 3582 818 3645 altero
831 3584 964 3646 Ecclesiae
981 3583 1132 3645 tumulan-
