2642 4167
481 164 566 244 §mli
580 156 832 246 Decorupoios'is
1120 166 1168 230 83'

151 228 272 351 prodest
285 263 465 343 scrupulosis
474 263 646 326 interdum
634 282 807 364 imponere,
818 282 856 326 ne
867 262 994 344 penitds
998 265 1037 327 de
1048 266 1158 328 talibus

149 349 380 451 cogitationibus
393 355 591 418 seareuseut,
611 348 668 408 uisi
682 349 756 409 certi
770 350 853 426 sint3
866 357 897 410 et
912 349 1157 427 conjuramento

149 436 252 499 testari
276 433 389 513 possint
408 449 439 493 se
456 448 628 493 consensum
652 442 813 512 potestesse.
841 436 878 495 Et
902 432 952 494 bie
972 435 1156 505 notandum,

148 520 229 602 qodd
251 518 416 596 scrupulosi
436 535 497 578 uon
513 517 573 578 sint
585 519 706 595 regendi
720 520 831 596 regulis
848 519 1093 597 particularibus,
1105 520 1157 581 sod

145 602 363 686 generalibus.
388 601 498 661 etenim
519 603 745 680 particularibus
764 602 874 681 regulis
897 604 1062 681 scrupulosi
1079 623 1157 665 naa·

147 707 242 767 quam
261 685 443 757 deveniunt,
461 693 496 745 ut
513 704 545 746 se
556 686 731 764 expediant,
746 688 910 749 dubitando
926 706 1044 766 sempor
1056 706 1094 747 uu
1106 688 1156 747 illa

144 773 251 851 regala
270 772 366 832 ualeat
384 771 433 831 vel
458 787 516 831 non
537 789 591 870 pro
613 774 752 849 prasenti
774 792 864 844 casu,
889 775 940 852 qui
963 792 1081 853 semper
1099 773 1156 834 sibi

144 858 269 918 videtur
284 857 359 916 alius
376 856 414 915 ab
433 855 484 916 illo
498 857 549 934 qui
567 854 583 915 b
597 857 773 917 confessario
784 860 972 935 supponitur.

187 981 238 1039 97.
252 979 283 1039 Si
297 980 327 1039 4.
341 979 549 1056 scrupulusest
561 979 636 1038 circa
647 980 810 1057 praeteritas
822 981 1035 1054 consessiones,
1048 998 1156 1059 nempe

147 1061 231 1143 quod
244 1063 276 1122 in
294 1062 336 1122 eis
352 1081 413 1122 uon
432 1063 501 1121 satis
522 1062 733 1140 explicaverint
760 1064 859 1124 omnia
878 1074 1013 1142 peccata,
1029 1075 1081 1125 aut
1099 1067 1157 1126 eir·

147 1146 358 1218 cumstaatias,
385 1146 433 1206 vel
458 1144 539 1224 qubd
560 1146 720 1207 defecerint
745 1149 776 1211 ia
797 1148 921 1219 dolore,
941 1150 1155 1223 confessarius,

147 1230 218 1292 cum
240 1231 374 1292 advertat
398 1232 592 1309 poenitentem
615 1231 716 1291 secisse
735 1232 944 1293 consessionem
967 1236 1155 1311 generalem,

146 1322 202 1375 aut
217 1333 270 1392 per
288 1315 410 1392 aliquod
427 1313 556 1374 notabile
574 1321 692 1392 tempus
712 1317 822 1394 pluries
834 1317 986 1395 repetiisse
998 1337 1044 1378 reo
1063 1329 1158 1380 autea·

147 1407 226 1474 ctas,
239 1397 309 1460 huie
327 1401 480 1478 imponere
496 1399 604 1470 debet,
619 1416 657 1458 ne
678 1401 742 1460 illas
763 1399 891 1479 amplius
902 1402 1062 1463 deliberate
1076 1423 1158 1465 reco-

145 1484 240 1561 gitet,
255 1489 285 1543 et
299 1502 337 1544 ne
350 1483 474 1543 verbum
493 1483 579 1543 faciat
593 1484 631 1543 de
646 1485 740 1562 culpis
753 1487 822 1545 vitae
834 1488 1007 1564 praeteritae,
1020 1488 1076 1547 rusi
1089 1486 1157 1549 edm

142 1568 251 1645 jurare
275 1568 368 1646 possit
388 1585 436 1627 eas
461 1568 550 1627 faisse
570 1567 649 1628 certe
671 1571 830 1640 mortales,
851 1579 881 1629 ct
905 1581 1046 1648 praeterca
1079 1569 1158 1632 certe

145 1669 303 1729 uunquam
318 1653 350 1711 in
363 1651 541 1713 consessione
551 1671 598 1712 ms
612 1653 738 1730 dixisse;
750 1656 823 1713 dum
839 1655 945 1714 docent
961 1656 1024 1713 DD.
1038 1654 1113 1732 (Lib.
1128 1658 1156 1715 t.

145 1756 182 1798 ιι.
198 1735 261 1814 lb.)
275 1737 459 1816 scrupulosos
472 1781 480 1810 ,
495 1739 609 1798 etiamsi
626 1757 662 1798 ex
682 1739 895 1799 inadvertontia
918 1738 1083 1798 omisissent
1103 1739 1158 1799 ali·
1200 1750 1205 1763 ·

146 1821 230 1901 quod
248 1838 337 1899 grave
355 1831 523 1900 peecatum,
541 1841 601 1882 non
622 1823 717 1884 teucri
738 1823 853 1903 (saltem
873 1820 941 1883 ciam
963 1823 1000 1883 de
1017 1821 1073 1884 boe
1096 1842 1156 1886 nou

140 1907 209 1982 siut
223 1904 308 1984 certi)
321 1924 390 1966 cum
406 1916 487 1967 tanto
504 1907 693 1968 incommodo
715 1917 745 1968 ot
765 1909 896 1986 periculo
924 1907 960 1968 ad
982 1907 1156 1971 servandam

146 1991 337 2051 maiessio'ais
347 1990 567 2069 integritatem,
584 1991 600 2053 a
615 2012 671 2070 qua
686 1994 785 2053 minus
800 1994 918 2071 quidem
936 1994 1156 2056 incommodum

147 2073 317 2155 qubmxboo
330 2073 393 2150 jam
407 2093 548 2136 excurare
567 2078 645 2136 valet
662 2077 738 2153 (tib.
753 2081 783 2138 6.
796 2097 828 2139 ιι.
844 2077 936 2155 tou).
948 2081 1038 2139 Curet
1052 2080 1083 2139 in
1100 2077 1158 2139 hoc

147 2158 357 2233 confessarius,
380 2169 414 2219 ut
431 2160 576 2240 poenitens
592 2161 692 2221 exacte
712 2161 848 2233 obediat,
863 2163 927 2223 etsi
949 2181 1009 2223 nou
1034 2164 1155 2239 obedit,

148 2261 221 2304 eum
231 2244 381 2322 increpet
394 2247 490 2324 privet
501 2247 728 2315 commuuione
741 2255 771 2306 et
781 2247 910 2323 rigoroso
919 2256 1059 2309 coereeat
1068 2251 1158 2309 Scru-

147 2328 247 2406 pulosi
259 2327 408 2389 ordinarie
421 2348 489 2390 cum
505 2331 659 2392 dulcedine
676 2332 819 2393 tractandi
831 2341 917 2408 sunt,
931 2332 1021 2393 sed
998 2352 1073 2393 circa
1087 2333 1157 2392 obe·

147 2411 292 2471 dientiam
317 2430 440 2490 maguus
456 2414 538 2492 rigor
560 2433 627 2475 cum
657 2418 725 2512 ipsis
744 2427 786 2479 est
809 2416 1012 2493 adhibendus,
1031 2419 1055 2477 si
1075 2419 1156 2478 onim

147 2493 226 2555 hune
245 2491 420 2557 obedieutiae
439 2497 596 2557 anchoram
609 2501 766 2573 amittunt,
780 2512 894 2563 eertum
913 2503 1070 2561 incurrunt
1083 2519 1157 2559 nau·

148 2579 299 2722 smgiurssa,
290 2597 392 2651 ,nam
410 2590 462 2642 aut
482 2591 612 2644 amentes
637 2583 780 2656 evadent,
803 2594 855 2644 aut
879 2583 1036 2643 habenas
1026 2601 1060 2644 ιιι
1083 2583 1156 2642 vitia

147 2680 245 2722 roera
268 2671 343 2723 unt.

188 2783 238 2842 ut.
252 2781 283 2841 Si
297 2781 328 2840 b
342 2782 528 2863 scrupulosus
540 2791 628 2864 pavet
643 2798 762 2861 peccare
780 2781 814 2840 in
834 2783 914 2841 omni
927 2801 1061 2862 requam
1074 2787 1155 2864 agit,

147 2864 220 2926 baie
232 2863 384 2944 precipiat
397 2868 607 2939 confessarius,
619 2865 755 2927 utlibere
773 2874 929 2945 operetur,
944 2877 974 2928 et
985 2870 1156 2968 scrupulum

147 2941 589 3028 superet301qaed1catimd
581 2970 678 3031 ipsam
697 2953 791 3012 teneri
808 2951 844 3010 ad
857 2953 1028 3031 scrupalum
1042 2955 1158 3015 vincea-

148 3033 222 3094 dum
230 3051 375 3112 ‚semper
397 3054 430 3096 ae
443 3037 595 3095 evidenter
611 3054 672 3096 non
693 3037 820 3096 advertit
834 3037 978 3096 actionem
991 3039 1072 3097 allam
1092 3056 1156 3098 esse
1229 3078 1231 3081 -

148 3129 266 3178 certum
288 3129 458 3196 peecatum3
475 3122 516 3179 ita
534 3139 602 3180 eum
621 3123 659 3182 P.
678 3120 798 3201 Sopatri
817 3123 878 3180 DD.
900 3122 1006 3181 docent
1023 3120 1144 3199 (Liba
1091 3165 1099 3182 .
1147 3164 1155 3182 .

149 3220 184 3261 ιι.
196 3201 291 3279 mu).
302 3203 364 3261 Nea
378 3203 460 3263 obest
476 3202 556 3281 quod
566 3212 632 3282 agat
650 3224 717 3265 curn
729 3206 834 3264 actuali
846 3206 971 3280 tunore,
987 3207 1060 3282 quin
1074 3225 1157 3268 seru·
1222 3280 1225 3285 Δ

150 3286 257 3364 pulum
272 3285 403 3363 deponat
414 3288 504 3366 (quod
523 3297 567 3348 est
585 3290 667 3367 quusi
682 3287 892 3368 impossibiles
908 3286 1085 3365 scrupulosis
1095 3292 1158 3353 exi·

150 3368 232 3447 gere)
244 3389 255 3446 3
268 3369 380 3430 monim
400 3369 569 3446 hujusmodi
591 3390 684 3450 pavor
707 3391 768 3433 non
791 3381 835 3431 est
855 3388 960 3431 verum
976 3376 1158 3438 conscientias
1261 3369 1263 3371 ’

87 3477 94 3482 ·
150 3451 322 3525 dictamen,
346 3453 409 3515 siro
424 3454 548 3515 formata
566 3457 743 3517 couscientia
755 3498 764 3529 ,
778 3464 812 3514 ut
828 3455 940 3517 Gerson
956 3456 1036 3518 boae
1052 3459 1159 3521 distin·

151 3535 234 3616 guit,
248 3553 305 3601 uec
319 3537 558 3609 verumdubiour
569 3540 731 3620 practicam
740 3556 817 3620 ,nec
828 3540 923 3600 aufert
932 3537 1078 3617 judicium
1090 3543 1158 3605 nntb
