2642 4167
149 267 207 331 258
380 265 519 327 Ecetram
536 260 781 325 ordinandorum.
800 261 873 344 Cup.
888 263 919 323 5.

145 372 224 530 ffb,
235 363 476 526 {rixaqdiebue
493 406 504 440 ,
526 363 559 424 iu
575 361 685 442 quibua
711 361 805 423 uum
818 362 926 422 anian
943 358 1012 422 'diui
1030 371 1157 439 puerunt

184 533 252 594 tit.
265 530 486 594 -Notandum
498 532 528 592 5.
540 529 641 608 quod,
656 536 691 592 ut
703 528 902 592 eommuniter
911 528 1057 602 traditur,
1069 530 1157 593 Misso

145 616 318 678 celebranda
333 625 377 677 est
389 614 465 685 ulte,
485 616 632 686 breviter,
649 611 746 685 clare,
760 611 868 674 derotb
879 656 888 682 ‚
901 621 934 673 et
948 612 1057 675 exorte.
1069 613 1153 694 ltu,

145 700 186 761 ita
208 709 242 761 ut
263 719 324 761 non
346 699 483 760 dieantur
503 697 663 772 submisso,
688 715 755 776 qum
773 694 831 757 ulte
851 705 921 757 saint
939 696 1061 760 dicenda
1077 721 1086 759 ε
1102 703 1155 762 ted

145 785 185 844 itu
197 785 385 863 proferuntur
394 828 402 857 ,
411 792 446 844 ut
454 787 558 843 saltem
568 780 585 842 b
597 778 857 842 eirwmrlootibut
869 779 1049 860 audiuntur,
1064 795 1155 864 prout

144 866 215 928 dicit
236 869 384 944 Rubrioa3
409 867 541 944 alioquin
565 866 716 926 celebrans
741 883 802 924 non
827 875 981 925 excusatur
1003 865 1021 926 b
1046 871 1152 949 eulpa,

144 950 196 1012 eod
216 950 333 1011 tantum
351 952 470 1012 veniali.
488 950 570 1011 Idem
589 948 748 1010 dicendum
772 949 810 1008 de
827 965 863 1008 eo
881 950 932 1027 qui
954 949 1014 1012 ulad
1030 956 1151 1025 recitat,

144 1052 210 1113 quor
227 1034 371 1096 submisse
392 1034 449 1094 diei
470 1033 589 1095 debent.
610 1033 675 1094 lmd
696 1034 851 1095 Gouontuu
873 1042 903 1093 et
928 1035 1037 1107 Quarti
1048 1048 1154 1113 putant

143 1135 205 1178 esse
226 1121 350 1180 mortale
374 1119 436 1198 (sed
459 1136 520 1178 non
541 1117 611 1178 satio
635 1116 667 1177 id
685 1117 801 1178 ratione
825 1116 961 1195 probant)
980 1119 1080 1188 dinero
1094 1122 1153 1183 elui

142 1218 214 1262 roeo
234 1220 266 1262 ea
287 1222 353 1280 quae
372 1201 515 1263 submisse
533 1211 602 1261 sunt
619 1199 759 1274 dieende,
782 1210 812 1261 et
831 1203 977 1261 consentit
996 1204 1042 1264 Lo
1062 1206 1153 1267 Croin

143 1286 239 1363 quoad
259 1288 350 1347 rerba
372 1286 618 1358 consecrationis,
640 1285 741 1346 dioene
766 1303 885 1364 peomne
908 1288 1075 1349 mortaliter
1097 1292 1151 1369 qui

142 1368 192 1429 illu
210 1372 355 1449 proferret
373 1373 413 1434 ito
434 1369 529 1442 eluti,
543 1380 578 1430 nt
595 1369 771 1429 audirentur
789 1368 828 1429 od
846 1369 948 1430 donem
967 1388 1085 1448 possut,
1098 1374 1150 1434 ubi

144 1471 248 1533 mogun
273 1467 348 1519 emet
366 1458 469 1538 populi
493 1474 580 1536 prra3
597 1454 648 1514 red
669 1454 778 1516 meritb
800 1458 840 1516 P.
860 1454 991 1516 conobro
1010 1456 1067 1519 boo
1088 1478 1150 1521 uon

143 1539 231 1601 audet
249 1545 412 1621 approbare
434 1539 468 1620 (l.
485 1541 679 1603 nonbibet
697 1538 790 1617 lib).
805 1540 956 1615 Breviter,
977 1542 1008 1603 id
1028 1554 1091 1616 ert,
1116 1555 1151 1606 ut

144 1624 294 1688 ordinarie
311 1623 460 1705 loquendo
475 1644 536 1687 nun
549 1624 707 1685 excedatur
725 1624 820 1685 medio
834 1624 926 1698 horo,
937 1639 1076 1688 monente
1088 1632 1151 1688 llu-

143 1707 246 1783 orico,
270 1718 304 1772 ut
327 1714 412 1772 Missa
437 1729 498 1772 non
523 1710 638 1770 dicotur
664 1707 756 1771 nimio
780 1711 912 1785 morose,
937 1729 973 1771 oe
998 1710 1156 1776 audientur

144 1791 230 1855 tudio
253 1792 436 1876 officiuntur.
455 1794 561 1855 Subdit
583 1802 683 1854 autem
703 1793 852 1863 Robrica,
872 1794 934 1855 Neo
955 1794 1046 1856 oiaruo
1066 1796 1151 1875 seati-

25 1945 28 1952 .
143 1884 251 1938 iterator
259 1902 272 1955 ,·
296 1879 368 1940 hino
391 1880 541 1957 sapienter
564 1879 605 1937 ait
632 1876 724 1938 Curd.
745 1876 950 1939 lambertinus
970 1880 1079 1959 (Notis.
1098 1885 1148 1943 54.

142 1977 173 2019 aa.
192 1962 253 2040 30.)
269 1981 338 2023 oum
356 1963 420 2023 aliis
440 1962 653 2034 memoriter,
670 1963 787 2022 lliseam
805 1980 867 2022 nou
884 1961 993 2025 debere
1007 1953 1068 2024 eise
1083 1968 1150 2027 lon-

141 2044 254 2121 giorem
277 2046 400 2107 dimidid
423 2046 514 2120 bord,
538 2064 593 2106 nee
615 2046 783 2108 breviorem
802 2046 930 2119 triento,
945 2047 977 2109 id
999 2058 1043 2108 est
1062 2052 1151 2112 tertio

141 2136 225 2205 parte
248 2127 341 2190 horn.
352 2131 485 2204 Qualiter
504 2141 603 2192 autem
623 2136 742 2209 peccent
761 2130 813 2208 qui
833 2129 955 2192 eelerids
977 2132 1147 2208 celebrant,

141 2210 206 2272 uide
228 2210 307 2273 dicte
327 2211 379 2275 lib.
401 2216 430 2275 b.
454 2233 485 2275 o.
506 2217 573 2274 400.
598 2214 649 2275 ubi
674 2214 802 2275 diximus
823 2211 941 2277 missam
964 2214 1088 2293 (etiamsi
1111 2219 1151 2280 sit

141 2294 359 2376 deiunetorum)
384 2300 599 2378 persolventem
622 2298 699 2358 inira
716 2298 910 2376 quadrantem
934 2317 994 2360 non
1017 2304 1149 2363 excusari

139 2378 157 2440 ia
178 2380 262 2460 eulpa
279 2384 373 2461 gravi.
390 2379 492 2457 Clare,
507 2384 539 2444 id
556 2393 601 2445 est
616 2383 680 2444 siue
693 2383 852 2446 verborum
867 2384 1069 2462 mutilatione;
1082 2406 1150 2464 qum

140 2464 165 2523 si
184 2465 222 2526 uit
242 2467 397 2539 notabilis,
422 2476 453 2528 et
471 2487 573 2529 sensus
592 2485 645 2547 per
673 2486 738 2528 earn
760 2472 913 2545 varietur,
934 2469 992 2534 erit
1014 2473 1149 2534 mortalis

140 2547 174 2627 (l.
186 2552 214 2611 6.
224 2570 258 2612 n.
271 2551 365 2632 402).
377 2554 504 2628 Deuotd,
515 2554 547 2613 id
563 2562 608 2614 est
623 2552 688 2614 sino
703 2553 910 2624 distractione,
921 2572 987 2634 quar
999 2554 1024 2616 si
1040 2556 1150 2618 volun·

139 2636 215 2695 tario
236 2637 274 2698 sit
293 2638 325 2697 in
344 2655 470 2711 oenone,
494 2647 524 2697 et
544 2638 707 2716 praesertim
729 2635 762 2697 iu
780 2637 997 2700 consecratione
1016 2647 1047 2700 et
1064 2658 1149 2702 sum·

139 2720 240 2796 ptione
258 2721 316 2780 erit
335 2723 482 2794 mortalis,
504 2730 538 2781 ut
559 2722 621 2780 vult
637 2718 854 2792 rambertum,
876 2719 945 2788 lieet
964 2722 1055 2801 aliqui
1075 2743 1148 2787 eon·

139 2805 293 2864 trodimnt.
318 2806 348 2865 Si
368 2815 466 2865 autem
484 2804 627 2865 habeatur
649 2814 731 2864 extra
751 2823 914 2877 nunonem,
935 2805 1044 2867 dieitur
1065 2809 1147 2871 idom

139 2889 218 2966 quod
238 2888 349 2948 dictum
369 2898 414 2949 est
434 2889 472 2949 de
496 2890 583 2948 lloris
607 2888 754 2949 cononicis
777 2887 853 2967 (uide
872 2907 905 2948 a.
924 2889 998 2968 lt).
1012 2893 1146 2966 Exuit,

139 2973 170 3032 id
191 2981 235 3033 est
258 2990 296 3031 ne
318 2972 471 3033 omittatur
493 2972 605 3049 aliquid
629 2973 673 3052 de⁵
691 2972 727 3032 iio
751 2991 817 3050 queo
841 2974 962 3034 dioendo
988 2985 1070 3036 eunt.
1092 2976 1147 3039 llio

138 3066 236 3117 autem
264 3057 450 3129 notandum,
477 3056 557 3135 qubd
581 3058 605 3116 si
632 3057 809 3117 omittantur
837 3067 935 3136 portes
962 3059 1143 3128 ordinariae.

138 3159 244 3218 nempe
263 3157 330 3219 qum
347 3140 379 3200 in
393 3141 478 3200 Missa
496 3158 614 3219 semper
634 3140 775 3212 diluendo,
789 3142 837 3200 vel
860 3142 1072 3219 egestuosum,
1087 3145 1148 3205 erit

138 3225 281 3296 mortale,
305 3225 330 3283 si
355 3225 477 3285 materia
496 3226 535 3285 si't
559 3225 715 3300 notabilis,
742 3233 831 3301 prout
854 3235 930 3287 esset
949 3228 1087 3288 omlttere
1111 3230 1144 3289 in

137 3326 248 3369 conone
267 3309 428 3386 quamlibet
453 3310 640 3382 orationem,
663 3309 710 3367 vel
723 3310 815 3368 Potor
830 3319 944 3383 noster,
960 3312 1007 3371 vel
1024 3312 1145 3371 frantio-

136 3408 205 3450 nem
217 3391 319 3450 hostiae
337 3411 405 3452 curn
421 3392 500 3451 illius
519 3393 663 3452 mixtione
679 3392 710 3451 in
722 3392 826 3464 calice,
841 3394 889 3454 vel
906 3393 1144 3470 purificationem

136 3480 248 3545 patenae
264 3482 293 3531 et
310 3475 406 3533 caliois
417 3484 483 3552 post
494 3481 711 3553 sumptionem,
726 3476 772 3534 vel
791 3485 858 3537 uoto
871 3486 921 3537 aut
933 3476 1035 3538 ducem
1051 3478 1142 3540 verba

136 3554 263 3610 canonis.
290 3555 338 3612 sio
363 3558 473 3632 pariter
499 3560 558 3617 erit
582 3560 705 3619 mortale
728 3569 809 3619 extro
834 3577 977 3621 canonem
1001 3561 1143 3624 omittere

136 3636 230 3686 tatum
252 3634 430 3710 introitum,
455 3639 502 3698 rol
524 3640 597 3701 duos
621 3659 658 3705 ex
683 3644 811 3707 collectis
836 3644 1069 3725 principalibus,
1092 3646 1139 3709 rel
