2642 4167
186 195 223 254 18
474 190 585 259 Proeto
594 187 777 268 confessarii.
795 190 868 270 Cup.
882 191 912 249 1.

184 292 373 354 confessarios
397 291 486 353 simul
515 299 546 354 et
574 290 748 371 prenitentes
771 289 804 349 in
827 297 969 354 aeternam
992 289 1192 370 perditionem

186 374 342 453 trahit(l).

223 460 354 520 18.·Non
377 476 517 537 negamus
541 466 640 520 autem
658 459 805 518 minorem
823 456 976 518 scientiam
991 460 1069 538 exigi
1086 461 1118 523 in
1138 480 1192 523 au·

184 541 298 602 diendis
312 544 541 604 confessionibus
556 542 757 622 simplicium,
774 551 804 601 et
823 542 1017 615 rusticorum,
1032 543 1121 621 quim
1142 565 1195 607 cu·

183 626 387 700 rialisturum,
413 628 653 705 negotiantium,
677 626 939 688 ecclesiasticorum
951 671 961 702 ,
983 636 1014 687 et
1036 629 1192 692 similium.
1213 632 1217 638 ”

184 711 279 771 blinor
297 713 368 773 item
386 712 506 772 scientio
527 712 712 789 requiritur,
726 719 761 771 ut
777 710 935 770 audiantur
950 711 1145 774 consessiones
1162 715 1194 776 in

183 794 312 872 oppido,
334 795 423 874 quim
444 796 612 855 incivitate
634 815 642 854 =
661 804 691 854 et
707 792 854 873 praecipud
875 794 900 853 si
918 794 1026 856 alicubi
1050 797 1088 857 sit
1110 806 1192 860 tanta

183 879 426 940 confessariorum
448 881 568 956 inopia,
586 887 621 938 ut
641 880 820 958 poenitentes
835 877 977 939 deberent
994 888 1045 941 aut
1061 898 1114 957 per
1126 881 1194 942 lon·

182 980 254 1038 gum
276 963 426 1042 tompusd
448 964 629 1026 confessione
654 981 685 1023 se
709 961 880 1038 abstinere,
898 972 949 1024 aut
968 961 1027 1023 alid
1049 963 1193 1041 proficisci

185 1044 218 1126 (i.
238 1050 267 1107 6.
289 1066 320 1108 n.
338 1048 430 1125 696).
450 1048 508 1109 Sed
526 1047 583 1109 hoc
600 1063 660 1110 non
681 1048 789 1110 sufficit
818 1047 855 1106 ad
878 1047 1055 1108 excusandos
1081 1048 1196 1126 aliquos

184 1132 373 1193 confessarios
386 1178 394 1204 ‚
407 1134 458 1210 qui
472 1134 604 1204 cursim,
619 1133 695 1192 lectt
715 1132 812 1208 aliqud
831 1132 914 1191 brevi
932 1132 1053 1192 Summi
1067 1133 1170 1192 morali
1184 1177 1193 1200 ,

185 1215 296 1276 temeri
315 1217 351 1276 ad
372 1218 556 1295 excipiendas
574 1218 768 1278 consessiones
783 1235 814 1276 sc
838 1216 1052 1276 intromittunt.
1069 1217 1196 1295 Oportet

185 1300 303 1372 saltem,
321 1309 354 1360 ut
373 1302 566 1363 confessarius
585 1302 656 1361 sciat
673 1302 697 1362 1.
711 1300 748 1360 ad
768 1318 902 1378 quaesua
913 1298 1077 1377 jurisdictio
1095 1318 1127 1360 se
1143 1318 1195 1364 cx·

187 1382 299 1444 tendat.
324 1385 467 1446 Advertut
487 1383 541 1446 'hic
564 1387 713 1465 quisque,
738 1386 901 1446 sacerdotes
920 1385 1070 1445 saeculares
1093 1394 1124 1446 et
1146 1404 1196 1447 re-

185 1467 300 1545 gulares
321 1470 442 1531 alterius
460 1471 581 1531 Ordinis
601 1489 663 1542 non
688 1488 772 1548 posse
794 1470 897 1530 audire
914 1470 1107 1530 confessiones
1124 1471 1196 1531 reli·

185 1552 335 1631 giosorum
345 1599 354 1627 ,
364 1557 428 1615 sine
439 1556 556 1615 licentia
565 1572 688 1615 suorum
700 1555 890 1634 prelatorum
904 1576 913 1630 3
926 1554 1053 1631 exceptis
1067 1555 1195 1629 casibus,

185 1637 210 1697 si
235 1638 293 1698 iter
309 1648 416 1717 agant,
441 1640 465 1698 si
484 1638 554 1698 olibi
581 1646 760 1708 morentur,
783 1648 814 1699 et
829 1639 941 1699 socium
964 1654 1023 1696 nou
1045 1637 1194 1715 habeant,

185 1731 236 1782 aut
255 1723 346 1782 aliurn
368 1722 549 1782 sacerdotem
563 1722 710 1783 idoneum
728 1721 860 1799 ejusdem
886 1723 1048 1800 religionis.
1071 1725 1107 1782 Et
1123 1733 1196 1785 tunc

185 1805 323 1884 Religiosi
347 1815 470 1885 possunt
493 1806 606 1866 absolvi
625 1805 662 1864 ab
686 1806 768 1865 omni
789 1806 915 1884 simplici
936 1804 1102 1876 sacerdote,
1119 1805 1195 1867 ddm

184 1891 349 1967 superiores
374 1899 470 1962 tunc,
494 1889 592 1951 dando
609 1889 762 1950 licentiam
788 1889 837 1950 his
863 1889 1010 1961 subditis,
1037 1890 1196 1951 intendunt

183 1990 250 2032 eam
277 1974 348 2032 dare
371 1972 455 2049 juxta
482 1974 748 2045 consuetudinem,
771 1974 883 2034 seilicet
911 1973 1069 2035 confitendi
1099 1974 1196 2034 cuivis

184 2056 327 2117 sacerdoti
346 2058 451 2117 idoneo
474 2057 549 2137 (uit.
569 2061 599 2118 6.
619 2076 651 2118 rr.
675 2058 769 2136 676).
789 2059 865 2119 Item
887 2058 985 2136 quivis
1004 2057 1196 2119 confessarius

184 2140 252 2201 sciri
279 2140 367 2201 debet
395 2159 501 2213 casm,
528 2150 558 2201 66
581 2159 718 2202 censuras
748 2150 930 2212 reservatas,
963 2142 1066 2200 saltem
1092 2159 1141 2201 eas
1161 2144 1209 2203 in-

185 2243 256 2302 quas
269 2224 451 2302 frequentiris
462 2226 572 2285 incurri
589 2227 680 2296 solet,
695 2225 787 2304 proiit
801 2235 869 2286 sunt
880 2228 1195 2290 excommunicationes

184 2310 300 2386 pupulos
319 2328 384 2385 quae
399 2319 469 2369 sunt
480 2312 511 2369 in
522 2309 601 2370 bulla
617 2312 735 2381 Coenae,
756 2309 875 2372 hoeresis
885 2320 1004 2371 externa
1017 2354 1026 2382 ,
1040 2313 1127 2372 lectio
1140 2322 1195 2374 aut

74 2433 83 2447 .
183 2394 310 2452 retentio
330 2402 381 2452 aut
392 2394 525 2454 venditio
541 2391 689 2456 librorum
703 2392 931 2466 haereticorum,
947 2397 998 2472 qui
1012 2414 1048 2455 ex
1061 2397 1194 2473 professo

108 2484 111 2489 ’
183 2480 220 2540 (16
247 2480 390 2557 religione
416 2489 567 2552 tractant,
596 2489 647 2540 666
669 2482 824 2541 continent
846 2482 981 2541 heresim
1003 2483 1156 2543 formalem
1181 2506 1190 2546 6

183 2564 255 2623 item
274 2563 407 2641 quinque
426 2582 508 2623 casus
530 2564 647 2643 papales
667 2560 822 2625 Cleruenta‘s
841 2567 930 2626 VIII.
948 2567 998 2643 qui
1021 2576 1107 2638 sunt,
1122 2586 1194 2645 per·

183 2649 277 2709 eussio
291 2649 440 2720 enormis,
455 2656 506 2708 666
525 2650 682 2709 mediocris
694 2650 813 2720 clerici,
827 2650 874 2709 vel
893 2650 1029 2711 monachi
1042 2695 1050 2720 ,
1064 2653 1190 2712 simonia

183 2733 269 2793 realis
286 2775 294 2802 ,
314 2741 366 2792 666
393 2732 626 2803 confidentialis,
652 2733 774 2794 violatio
794 2734 936 2796 clausuro
957 2735 1132 2794 monialium
1150 2736 1192 2796 ad
1224 2760 1226 2764 ¹

130 2890 132 2894 Ι
183 2818 295 2876 malum
314 2815 427 2889 finem,
453 2818 576 2878 violatio
596 2819 793 2879 immunitatis
810 2820 1027 2888 ecclesiasticas,
1049 2829 1080 2878 et
1104 2820 1191 2879 duel·

181 2902 264 2971 lum,
288 2902 359 2961 item
375 2903 690 2963 excommunicationes
709 2901 727 2962 ir
748 2903 891 2967 Pontiiiee
909 2902 1064 2964 Benedioto
1084 2905 1187 2976 XIV,

183 2994 323 3046 emanator
346 2985 378 3045 in
403 2985 585 3045 absolventes
604 2987 760 3064 complices
774 2986 806 3046 in
822 2987 943 3047 materia
959 2988 1039 3064 turpi
1061 2986 1136 3065 (uit.
1155 2979 1194 3048 6.’

182 3090 212 3129 u.
229 3068 330 3147 dus),
354 3076 383 3128 et
403 3070 434 3127 in
455 3086 504 3128 eos
530 3070 583 3149 qul
602 3069 708 3130 docent
733 3089 817 3149 posse
837 3069 853 3129 6
876 3071 1050 3131 confessario
1070 3072 1190 3148 exquiri

184 3174 290 3215 nomon
309 3153 459 3232 complicis
479 3153 569 3213 etiam
590 3171 642 3232 per
655 3154 848 3217 absolutionis
864 3155 1079 3215 sacramentalis
1099 3173 1191 3233 noga·

210 3317 241 3372 (l)
258 3334 269 3357 u
284 3316 369 3360 Pecrat
381 3313 454 3372 igitur
467 3311 556 3373 absque
570 3311 642 3358 dubio
656 3312 774 3371 pruritur,
785 3313 826 3373 qui
839 3327 884 3359 non
900 3312 1046 3359 sufficienter
1057 3313 1188 3361 instructus

182 3398 193 3419 s
210 3380 281 3428 reniet
290 3377 444 3424 confessiones
457 3378 538 3425 mrslire
549 3395 554 3421 :
567 3377 710 3438 Episcopus,
724 3379 764 3437 qui
775 3377 840 3423 illum
860 3378 975 3436 rpprobet
984 3395 989 3421 :
999 3378 1113 3436 poenitens
1127 3392 1190 3437 quo·

181 3460 193 3482 a
209 3458 265 3502 qne.
282 3443 323 3502 qui
340 3456 437 3490 irascens
453 3443 605 3501 iprroreotiem
623 3442 676 3501 ejus
686 3442 749 3503 opud
762 3441 838 3503 ipsum
852 3441 987 3488 confitetur.
998 3461 1010 3482 n
1021 3443 1090 3489 Hom.
1102 3454 1141 3500 op.
1152 3449 1190 3489 tr.·

182 3507 294 3554 116699.
942 3518 944 3520 ’

957 3570 1024 3615 Edit.
1096 3591 1103 3601 τ
