2642 4167
166 228 224 293 tdt
350 225 488 309 Epirotae
502 224 642 291 ‹ectr-iae
657 221 780 289 scarelis
796 229 823 284 et
840 223 986 286 eoourice

165 328 461 408 claustro-religionis
477 347 539 389 suu
555 326 743 389 exeundi.1d
763 324 834 386 scri
854 322 1005 403 quoditie
1027 328 1171 390 statutum

166 423 228 483 est,
247 415 424 494 intelligitur
440 413 550 492 pariter
565 411 603 475 de
619 410 766 473 canonicis
780 411 830 472 SS.
845 409 924 469 Salv.
949 470 951 473 .

205 499 235 560 Si
255 501 321 578 quis
336 497 407 560 veri
428 516 465 558 ex
485 498 544 559 iilis
564 505 647 557 entre
665 513 840 556 coneursum
861 491 878 553 i
899 504 1024 574 patrono
1037 492 1172 556 beneficii

166 582 369 654 mimicus,
381 582 461 660 quod
476 579 583 642 lrabeat
601 598 702 641 euram
719 580 886 639 animarum
898 596 1040 639 annexam
1052 624 1061 650 ‚
1075 582 1173 640 uomi-

166 676 252 730 natos
269 669 378 737 fuerit,
396 666 459 726 hee
481 665 645 726 nominatio
665 663 732 724 lieri
751 662 839 722 debet
858 681 926 722 curn
942 664 1076 742 expressi
1094 682 1173 741 prae-

165 752 330 813 servatione
349 751 524 830 beneplaciti
537 748 706 827 Apostoliei.
721 745 803 808 Ultri
822 745 902 824 quid
920 744 936 806 t
952 749 1103 809 nominato
1119 748 1172 808 de·

165 834 234 895 beot
256 838 396 913 acceptari
419 834 582 895 nominatio
603 850 672 894 eum
696 831 826 891 eiausuld
846 829 884 890 de
904 830 1064 892 obtinendo
1082 832 1173 893 bene·

165 919 274 996 placito
291 921 451 997 superioris
471 917 616 997 generalis
637 918 683 977 sni
702 916 825 976 ordinis.
843 915 922 989 Quid
943 915 1014 977 reri
1036 930 1170 996 respectu

165 1002 287 1066 illorum
305 1003 483 1063 servandum
499 1002 555 1072 sit,
570 1003 687 1062 invoco
706 1002 870 1062 Cosuanetes
886 1001 1036 1061 annotavi.
1054 1001 1130 1065 ibid.

204 1089 239 1149 lu
259 1088 362 1151 Mem
381 1087 464 1149 Belli
481 1086 608 1147 declarat
630 1084 830 1160 Benedictus,
850 1084 1003 1145 canonicos
1024 1086 1110 1159 illos,
1131 1091 1172 1149 sic

165 1172 297 1250 provisos
314 1173 352 1233 ds
373 1173 517 1234 beneficio
537 1170 741 1240 residentiali‚
761 1170 909 1231 absolutos
930 1188 991 1229 esse
1009 1169 1046 1230 ab
1061 1170 1171 1251 obliga-

165 1258 248 1318 tione
267 1257 417 1321 deserendi
440 1267 551 1316 restem
571 1255 617 1315 sai
639 1255 762 1316 ordinis.
785 1256 884 1315 Monet
905 1262 1003 1314 umen
1024 1273 1086 1314 non
1106 1257 1171 1316 idei

164 1350 314 1419 exemptos
333 1359 394 1401 esse
414 1341 451 1400 ab
468 1358 558 1400 onere
578 1339 714 1400 servandi
734 1349 801 1399 vota
820 1341 852 1399 in
874 1340 928 1410 iis,
950 1358 1015 1418 que
1033 1338 1171 1419 conjungi

165 1435 287 1503 possunt
309 1444 376 1487 cum
401 1443 478 1486 noro
499 1443 553 1484 suo
576 1433 666 1483 statu.
685 1422 759 1484 Ciam
783 1422 854 1484 veri
877 1442 946 1483 cura
969 1425 1120 1502 pastoralis
1141 1435 1171 1484 et

165 1509 351 1571 canonicatus
369 1511 408 1571 sit
430 1507 675 1586 incompossibilis
697 1527 765 1568 cum
788 1509 893 1568 actuali
913 1508 1078 1568 obedientirt
1096 1528 1171 1587 prar-

164 1593 267 1655 sanda
290 1592 436 1673 superiori
457 1594 607 1671 regulari,
631 1591 699 1653 idcd
718 1591 846 1652 declarat
871 1612 903 1652 ιι.
927 1593 976 1652 27.
1001 1611 1060 1652 non
1085 1611 1171 1671 posse

164 1679 229 1756 cogi
248 1678 285 1740 ab
305 1679 410 1740 iisdem
430 1678 630 1758 superioribus
651 1687 686 1737 ιιι
703 1676 741 1737 ad
761 1677 913 1756 religionis
936 1678 1060 1737 claustra
1084 1678 1172 1737 rede-

164 1771 239 1823 ant:
256 1781 339 1842 posse
353 1773 451 1824 tamen
466 1764 659 1842 Episcopum,
679 1763 726 1823 cui
746 1763 975 1837 submittuntur,
990 1763 1120 1840 legitima
1133 1781 1171 1822 cx

163 1848 247 1905 causi
261 1848 382 1923 privare
402 1848 468 1907 iilos
486 1865 540 1925 per
555 1846 731 1906 sententiam
753 1847 808 1906 ilio
826 1844 987 1917 beneficio,
1002 1865 1052 1906 seu
1073 1847 1170 1906 deela-

164 1946 231 1988 rare
244 1930 387 2008 perpetui
405 1948 559 2008 suspensos
573 1948 609 1989 cx
629 1929 823 1990 inhabilitate.
834 1932 917 1989 Tune
928 1939 1026 1990 autem
1041 1931 1171 1990 declarat

163 2011 258 2073 teneri
274 2032 324 2075 eos
340 2014 377 2074 ad
396 2015 520 2074 clanstro
540 2014 657 2086 redire,
680 2015 757 2075 sieut
774 2023 805 2074 et
823 2033 853 2075 n.
864 2015 914 2075 28.
930 2013 967 2073 ad
983 2015 1169 2075 redeundum

162 2093 273 2173 obligat
287 2097 404 2157 eosdem
420 2098 620 2159 beneficiarios
635 2099 659 2159 si
676 2098 819 2174 &aclide
834 2098 1014 2159 renuntient.
1025 2098 1171 2163 Caotcriun

161 2195 194 2238 u.
205 2178 255 2239 ιθ.
271 2180 385 2241 etiamsi
402 2179 530 2242 ainans
547 2180 767 2258 coadjutorem,
786 2183 832 2242 sci
855 2183 1076 2263 impetraverint
1088 2181 1173 2260 jubi-

161 2264 319 2335 lationem,
335 2263 402 2326 edm
416 2274 488 2326 tuoe
503 2273 661 2326 teneantur
678 2267 807 2327 residere
826 2266 858 2327 in
877 2267 942 2327 loco
960 2266 1104 2346 paroehiae
1118 2279 1172 2328 aut

160 2348 369 2423 canonieuiis,
387 2347 455 2411 ided
472 2348 509 2410 od
527 2349 653 2415 claustra
672 2349 771 2411 redire
788 2351 820 2412 in
838 2368 873 2411 eo
895 2367 961 2410 casu
983 2368 1172 2430 nequaquam

161 2441 312 2495 tenentur.

569 2566 758 2627 cerenici.

198 2770 333 2835 orantei
357 2768 531 2833 cathedralis
550 2788 610 2830 non
631 2770 798 2833 emittentes
820 2772 1029 2851 professionem
1045 2771 1116 2836 fidei
1131 2790 1171 2835 ex

158 2856 329 2932 prescripto
345 2854 374 2913 S.
390 2856 480 2915 Cone.
497 2853 581 2913 Trid.
605 2850 666 2914 oon
683 2852 801 2932 sociarent
820 2854 937 2935 tructus
955 2873 1042 2928 auos,
1055 2859 1171 2918 tructus

159 2936 1173 3021 tamenprebendoe,nonveridistributionum,utisaepircspondit

159 3023 191 3081 S.
205 3024 313 3099 Congo.
336 3023 408 3083 lnst.
428 3021 505 3080 Ecel.
527 3022 575 3083 60.
601 3041 633 3082 n.
654 3025 702 3083 li.
720 3026 780 3083 Nec
797 3023 834 3083 ad
848 3043 913 3084 eam
929 3042 1045 3101 poenam
1067 3024 1170 3085 incur·

157 3105 280 3169 rendam
300 3105 465 3182 requiritur
483 3106 628 3165 sententia
651 3107 861 3181 declaratore,
878 3118 912 3167 ut
926 3126 961 3167 er
974 3107 1086 3188 synodo
1098 3110 1170 3171 Far-

157 3191 231 3251 fensi
253 3190 401 3251 firmatur.
422 3191 493 3251 inst.
508 3191 616 3251 Eccles.
635 3192 684 3251 57.
701 3211 733 3250 ιι.
748 3194 795 3253 ιδ.

196 3276 340 3335 Proiessio
350 3275 419 3335 fidei
428 3274 445 3334 i
455 3275 601 3336 canonicis
613 3275 773 3336 emittenda
785 3295 821 3337 ex
832 3276 1041 3338 constitutione
1049 3277 1103 3338 Pii
1107 3279 1125 3337 1
1130 3278 1168 3350 V,

157 3375 219 3418 uon
235 3358 345 3436 obligat
363 3359 517 3420 mnomeos
537 3359 661 3420 aliarum
681 3361 920 3438 collegiatarum,
941 3360 993 3419 sed
1012 3360 1168 3421 cathedra·

156 3440 231 3501 lium
252 3438 468 3504 tantummodo.
486 3445 584 3505 instit.
602 3444 711 3505 Eecles.
729 3446 778 3507 60.
799 3463 830 3505 n.
854 3447 882 3504 t.
902 3462 938 3504 ex
959 3446 1094 3524 pluribus
1112 3445 1166 3508 de·

156 3523 243 3581 eretis
261 3524 292 3581 S.
307 3526 340 3584 G.

197 3601 263 3660 liare
280 3603 348 3665 fidei
375 3608 514 3684 professio
540 3602 734 3690 personaliter
754 3602 917 3694 prestanda
937 3620 998 3686 est,
1014 3629 1073 3674 non
1093 3613 1168 3673 scri
