2642 4167
196 228 235 290 tt
475 220 588 284 Procrin
602 219 786 304 confessarii.
804 224 877 304 Cap.
891 223 921 284 d.

196 326 339 388 continet.
353 325 429 386 Hinc
442 324 511 385 nolo
524 322 649 384 dubium
667 323 749 385 aliud
766 326 931 396 discutere,
946 340 983 384 an
996 322 1123 386 semina
1134 343 1198 404 pos·

93 455 97 462 .
195 410 256 471 sint
268 411 316 472 rel
333 428 373 472 ne
383 408 448 469 tuta
460 407 638 469 conscientia
655 409 736 470 uiros
757 426 922 479 accersere,
935 417 969 466 ut
981 408 1039 466 illis
1051 426 1116 467 suas
1128 428 1201 472 com·

196 502 308 574 ponant
320 510 428 554 cernas.
444 487 540 553 Audio
554 490 633 568 qudd
646 493 717 570 ipse
727 493 862 571 pluribus
876 492 906 552 in
919 492 989 552 locis
1001 489 1058 551 hoc
1069 493 1196 553 iaciunt:

196 587 227 639 et
237 579 433 648 confitentur,
447 585 477 636 et
488 576 725 649 communicant,
738 576 857 637 videant
867 578 937 654 ipsae
948 585 977 635 et
989 576 1118 653 ipsarum
1132 595 1198 638 con·

195 655 1199 739 ieesarii.Saltemconfessariuseisimponat,neutanturviroaliqnu

193 744 327 822 juniori,
342 763 378 808 cx
400 743 484 820 cujus
498 743 663 806 actionibus
684 745 869 824 perceperint
882 743 1026 804 malitiose
1039 761 1070 802 se
1087 762 1198 823 gerere.
1221 755 1223 758 ’

196 829 341 890 Caeterum
360 845 464 890 censeo
477 826 557 905 quod
574 829 712 889 naulieres
725 831 854 908 purioris
866 829 1050 888 conscientie
1062 845 1121 888 nou
1134 831 1200 906 qui·

195 912 264 972 dem
280 921 402 974 utentur
411 912 484 971 viris
495 955 502 980 ,
513 913 563 972 sed
576 923 722 974 contentae
735 923 823 975 erunt
834 913 962 976 smmiuis
972 910 1107 990 aquibus
1118 930 1199 974 coma

196 1007 410 1076 componatur,
430 997 546 1058 meliori
563 999 651 1059 modo
674 1018 733 1078 quo
753 1008 858 1078 potest.

555 1152 770 1215 CAPITULUM
786 1153 839 1212 IV.

198 1303 347 1378 Qttarnodd
364 1323 394 1370 sc
410 1324 509 1387 perere
527 1302 629 1366 debeat
646 1301 844 1381 confessarios
865 1322 930 1364 curo
948 1304 988 1367 iis
1008 1306 1199 1385 quitantur
1293 1329 1294 1398 p

461 1388 600 1470 pacciana
620 1387 767 1449 occasione
784 1387 932 1469 peccandi.

231 1584 279 1643 65.
296 1525 445 1648 Manu
466 1581 634 1644 confessarii
654 1599 721 1640 curn
743 1580 831 1642 debet
848 1600 911 1642 esse
932 1601 964 1642 se
985 1582 1061 1648 hene
1078 1584 1202 1662 gerendi
1293 1549 1294 1566 ἶ

194 1686 263 1728 curn
289 1669 326 1727 iis
351 1668 497 1743 quisunt
520 1669 551 1726 in
575 1664 708 1743 proxima
734 1668 884 1726 occasione
909 1668 1066 1745 peccandi,
1092 1678 1144 1728 aut
1170 1669 1203 1731 iu
1287 1709 1294 1748 p

193 1752 274 1812 vitiis
292 1750 543 1812 consuetudinarii
564 1758 635 1810 eunt
653 1757 706 1808 aut
722 1750 856 1810 recidivi.
873 1749 927 1810 Hic
942 1761 1011 1811 sunt
1027 1751 1087 1812 duo
1101 1771 1203 1831 magni
1293 1751 1294 1764 ¹

193 1835 325 1913 scopuli,
349 1836 478 1912 inques
503 1833 598 1911 major
621 1834 865 1895 confessariorum
890 1854 957 1913 pars
979 1838 1150 1914 impetunt,
1172 1847 1203 1898 et
1293 1859 1294 1910 i

193 1917 344 1978 deficiant.
360 1921 395 1978 lu
415 1919 543 1995 capitulo
560 1919 695 1995 sequenti
713 1936 880 1979 sermonem
903 1921 1041 1980 sociemus
1059 1921 1097 1980 de
1116 1922 1204 1982 habi·
1293 1919 1294 1942 i

192 2004 299 2079 tuatis,
321 2012 352 2062 et
371 2002 527 2077 recidivie;
548 2000 598 2068 hic
617 2003 655 2062 dc
675 2005 890 2064 comsionariis.
909 2006 1030 2066 Certum
1050 2014 1095 2065 est
1118 2006 1204 2085 qudd

191 2090 217 2149 si
241 2087 377 2149 homines
398 2097 563 2167 satagerent
585 2089 749 2149 occasiones
768 2090 870 2166 sugere
883 2133 890 2158 ,
904 2088 999 2166 major
1013 2100 1203 2167 peccatorum

192 2192 260 2253 pars
279 2175 571 2244 citramontana,
591 2175 714 2235 cenantis
731 2176 953 2246 occasionibus,
976 2174 1082 2253 parium
1102 2178 1205 2238 lucra·

192 2267 259 2329 tur,
275 2258 326 2317 sed
345 2257 413 2318 edm
434 2257 523 2319 homo
543 2258 623 2319 uitri)
643 2259 674 2317 in
697 2261 879 2319 occasionem
902 2262 1067 2337 proximam
1089 2279 1122 2321 sc
1143 2263 1205 2322 im·

193 2342 305 2414 mittit,
325 2353 359 2402 ut
377 2342 540 2420 plurimum
564 2354 594 2404 et
612 2341 675 2402 iere
688 2361 804 2421 semper
825 2343 917 2412 hostis
937 2345 1090 2406 victoriam
1106 2349 1205 2408 cauit.

140 2419 146 2434 '
191 2428 329 2497 Occasio,
352 2429 515 2505 presertim
537 2430 568 2487 in
590 2430 712 2488 materia
734 2432 868 2504 turpium
889 2429 1140 2503 delectationum,
1157 2440 1204 2494 est

190 2512 273 2588 quasi
292 2520 370 2583 rete,
385 2512 464 2589 quod
478 2512 515 2570 ad
535 2522 685 2589 peccatum
705 2511 815 2581 trahit,
836 2523 867 2574 et
885 2514 973 2574 simul
995 2523 1129 2574 mentam
1152 2516 1206 2576 cb·

189 2604 295 2655 cecata
309 2596 349 2654 ita
363 2605 397 2654 ut
415 2594 506 2655 homo
528 2605 645 2673 peccet,
662 2597 734 2673 quin
754 2597 852 2656 videat
864 2598 943 2674 quod
956 2607 1033 2674 agat.
1045 2598 1100 2658 Sed
1115 2599 1207 2669 deve

190 2680 306 2739 niamus
324 2680 360 2738 nd
376 2680 505 2757 praxim.
522 2680 641 2739 Occasio
661 2680 760 2757 primo
775 2681 920 2742 dividitur
934 2683 1206 2758 involuntariam,

102 2826 104 2831 ,
189 2771 220 2823 ct
235 2765 436 2824 necessariam.
461 2760 639 2824 Voluntaria
653 2773 698 2824 cst
719 2766 771 2824 illa
791 2784 858 2843 que
879 2764 963 2826 saciid
982 2766 1068 2828 vitari
1087 2777 1205 2843 petest.

188 2847 360 2910 Necessaria
377 2865 444 2924 quoe
464 2849 594 2908 amoveri
612 2849 716 2926 nequit
727 2851 791 2910 sine
807 2850 889 2927 gravi
910 2850 1034 2921 damna,
1048 2860 1100 2918 aut
1112 2870 1207 2910 scan-

189 2932 267 2991 dalo.
281 2930 415 2989 Secundo
431 2931 577 2991 dividitur
599 2932 629 2991 in
652 2934 817 3010 proximam
829 2977 837 3000 ,
851 2942 882 2993 et
901 2944 1057 3003 remotam.
1074 2936 1207 3000 darneto

188 3026 231 3076 cst
247 3016 297 3075 itta
312 3015 343 3073 in
361 3032 419 3091 qua
436 3013 526 3075 hoino
541 3016 610 3076 raro
624 3025 723 3095 peccat
735 3061 744 3087 ‚
757 3018 803 3078 vel
822 3019 878 3100 illa
893 3037 959 3095 quae
978 3020 1087 3096 ubique
1109 3039 1208 3097 repe-

187 3098 455 3169 ritunrtroaima,
482 3117 535 3176 per
553 3117 584 3159 se
607 3102 775 3178 loquendo,
794 3112 839 3163 cst
859 3103 909 3162 itta
930 3104 962 3164 in
982 3121 1040 3179 qna
1057 3101 1207 3165 homines

186 3183 384 3244 communiter
398 3191 432 3242 ut
445 3182 610 3260 plurimum
620 3185 776 3246 deficiunt.
787 3188 923 3248 Proxima
943 3196 1041 3248 autem
1052 3204 1106 3266 par
1119 3187 1206 3250 acca·-

186 3266 274 3335 doae,
290 3284 343 3325 seu
360 3268 576 3344 respectivaaat
594 3288 647 3340 aa,
667 3288 734 3347 quae
752 3269 823 3332 iicet
841 3280 974 3349 respectu
991 3272 1120 3332 aliorum
1138 3290 1208 3334 uon

186 3350 225 3408 sit
242 3358 277 3408 ut
298 3351 455 3427 proxime,
480 3361 578 3413 tamen
603 3364 738 3430 respectu
760 3354 884 3431 aliquus
905 3354 1126 3431 proximem,
1153 3358 1207 3418 vel

186 3434 254 3509 qrria
275 3431 323 3492 hic
344 3435 376 3494 in
397 3437 446 3495 tali
472 3440 622 3498 occasione
646 3439 817 3514 frequenter
842 3449 887 3500 cst
909 3441 1027 3515 lapsas,
1050 3439 1096 3497 rei
1124 3441 1206 3517 quin

186 3517 347 3591 prudenter
368 3518 466 3580 timeri
486 3530 582 3597 potest
603 3520 684 3600 quod
701 3524 818 3584 tabaour
838 3533 960 3601 propter
977 3524 1205 3601 experientiam

136 3660 138 3664 ,
185 3600 333 3675 cognitam
346 3617 406 3662 suae
414 3603 592 3681 tragilitatis.
607 3606 734 3681 Quidem
751 3609 812 3670 ΑΛ.
822 3608 946 3681 volunt„
963 3623 1024 3670 nou
1035 3625 1096 3667 esse
1108 3624 1205 3669 occa·
