2642 4167
199 150 257 212 278
386 153 524 233 Epitonse
536 150 677 213 doctn'nte
692 149 813 215 moralis
829 161 858 215 et
869 156 1016 219 canonice

197 253 260 313 rint
286 264 354 314 cum
380 251 573 331 resignatario
592 251 630 313 de
658 253 787 314 cedeudd
810 253 853 313 illi
869 257 1032 332 pensione,
1053 274 1104 318 seu
1129 279 1207 321 eom·

198 334 287 398 modo
312 336 449 414 exigendi
474 336 585 397 tructus
604 336 737 414 ejusdem
756 338 924 416 pensionis,
938 340 1032 400 solutd
1052 343 1206 421 anticipata

199 420 325 501 pecunld
336 464 345 494 ‚
355 429 474 498 paetum
485 420 565 481 istud
576 421 694 482 irritum
702 466 712 498 ,
723 430 753 482 et
766 421 853 482 inane
866 423 1040 483 declaratur.
1055 427 1130 486 ltem
1141 428 1205 487 resi·

197 504 321 581 gnatarii
344 514 374 566 et
387 504 568 583 resignantes
585 505 725 566 decidunt
738 506 775 566 ab
795 508 877 567 omni
891 505 961 582 jure
987 508 1122 569 beneficti
1144 512 1205 589 ipso

197 588 273 649 facto
286 588 396 669 absque
410 590 470 650 ulld
488 588 594 668 judicis
606 590 803 651 declaratione
818 634 826 660 ,
841 599 870 650 et
880 591 1002 668 pecunia
1014 593 1109 653 soluta
1122 597 1205 655 resti·

197 674 240 733 tui
255 674 343 735 debet
357 674 412 735 sub
423 683 539 753 peceato
555 676 659 753 gnavi,
675 694 740 753 quae
754 675 792 733 ab
807 674 965 735 Ordinario
979 678 1150 755 applicanda
1163 687 1205 739 est

198 758 269 819 loeis
281 759 347 838 piis.
363 758 480 819 Eisdem
492 761 587 837 poenis
598 757 750 834 subjacent
763 757 825 818 baee
835 759 937 818 eadem
951 768 1033 836 pacta
1045 762 1118 821 inita
1129 763 1204 823 intra

197 858 247 901 sex
262 859 376 902 menses
391 840 408 901 a
424 842 473 902 die
486 851 610 921 receptas
623 861 678 922 per
691 842 917 921 resignatarium
934 842 1070 904 beneticii
1093 863 1204 924 posses-

197 925 298 986 sionis.
314 926 392 985 Bull.
403 928 442 985 In
451 922 583 987 sublimi.

235 1010 270 1068 ln
285 1008 363 1068 Rull.
377 1005 583 1071 Ecclesiastico
603 1009 790 1082 missisterio,
804 1009 924 1071 mandat
943 1012 1076 1071 Pontifex
1089 1012 1120 1072 in
1133 1013 1204 1073 resi-

195 1091 384 1168 gnationibus
408 1092 641 1169 beneficiorum,
663 1105 697 1155 ut
716 1096 870 1173 resignatis
896 1095 928 1153 in
950 1113 1039 1153 manu
1057 1097 1204 1156 pontilicis

150 1212 156 1227 ι
195 1174 363 1247 benefieiis,
377 1185 407 1236 et
420 1176 457 1236 ab
475 1177 528 1237 illo
549 1177 684 1238 admissis
697 1223 705 1249 ‚
718 1186 807 1257 atque
824 1178 954 1238 vicissim
965 1178 1099 1238 admissis
1116 1198 1203 1258 super

195 1277 230 1321 eo
253 1260 488 1340 provisionibus,
501 1261 762 1341 dispositionibus,
776 1271 832 1323 etc.
843 1264 949 1322 litterae
963 1264 1064 1340 gratie
1083 1258 1203 1342 signatae

195 1347 272 1407 intra
285 1363 335 1406 sex
357 1364 471 1407 menses
484 1348 524 1407 ita
540 1347 752 1427 perficiantur,
773 1357 807 1407 ut
829 1348 907 1408 intra
921 1347 1038 1408 eosdem
1056 1349 1201 1409 mensesl

195 1448 272 1491 novo
288 1433 407 1510 proviso
424 1432 565 1510 possessio
588 1429 724 1492 beneficii
747 1432 897 1510 capiatur,
921 1433 946 1491 si
968 1430 1040 1492 vcro
1060 1431 1200 1494 beneficia

196 1515 247 1576 illa
271 1524 341 1577 sunt
358 1518 437 1576 ultra
455 1525 587 1587 montes,
605 1525 745 1594 prorogat
759 1517 922 1576 terminum
946 1516 1034 1576 istum
1053 1535 1147 1595 usque
1166 1518 1200 1576 ad

196 1619 303 1662 novem
321 1604 435 1662 menses
457 1600 475 1661 b
497 1601 564 1661 datd
581 1601 775 1661 concessionis
799 1602 893 1679 gratia
916 1600 1125 1662 numerandos.
1149 1603 1199 1663 Ubi
1235 1647 1240 1659 .

195 1684 267 1746 verb
276 1685 365 1762 justis
380 1687 418 1747 de
433 1685 525 1746 causis
544 1686 714 1764 prorogatio
727 1686 824 1763 aliqua
846 1686 1026 1762 postulatur,
1036 1688 1199 1762 permittit,
1248 1728 1251 1731 -

195 1778 229 1830 ut
245 1769 333 1831 docto
350 1769 433 1850 prids
445 1769 532 1829 officii
552 1770 719 1830 subdatario
729 1769 765 1829 de
779 1768 944 1848 apostolicis
959 1769 1065 1828 litteris
1083 1772 1201 1848 expedi·

195 1855 252 1925 tis,
268 1853 320 1915 ilat
334 1855 504 1934 prorogatio
520 1854 617 1932 primd
635 1864 665 1913 et
680 1855 901 1924 secundariae,
927 1852 1082 1913 ulteriores
1098 1872 1200 1916 omnes

194 1938 282 1999 tollit.
295 1940 330 1999 Et
342 1939 366 1999 si
378 1939 544 2017 legitimum
563 1938 809 2015 impedimentum
825 1954 1010 2015 perseverare
1025 1938 1201 2000 concluden-

193 2030 238 2081 tes
252 2021 330 2099 apud
345 2024 497 2083 [latorium
514 2022 673 2100 probatum
687 2022 871 2093 sit‚saeultas
886 2022 925 2081 sit
936 2023 1055 2081 Datario
1064 2031 1108 2082 tot
1127 2024 1201 2084 ulte·

194 2104 286 2165 riores
299 2107 519 2183 prorogationes
529 2106 706 2167 concedendi
725 2106 762 2167 ad
777 2107 980 2183 exequendum
991 2107 1104 2165 litteras
1118 2125 1202 2185 apos·

194 2189 315 2262 tollens,
330 2200 403 2266 quot
422 2192 591 2250 necessariae
607 2201 678 2251 sunt
702 2191 739 2251 ad
764 2190 967 2269 impedimenti
993 2192 1199 2254 remotionem.

194 2274 315 2334 Sublato
332 2273 404 2335 verb
423 2276 464 2334 sie
485 2274 719 2353 impedimento,
742 2277 766 2334 si
787 2272 982 2336 nibilominus
998 2284 1201 2353 perseveretur

195 2360 225 2419 in
246 2359 407 2419 diliercndd
432 2362 603 2420 executione
615 2359 806 2433 litterarum,
825 2360 989 2438 apostoliea
1015 2368 1087 2420 tunc
1107 2363 1200 2439 gratia

196 2444 277 2504 nulla
290 2451 321 2505 et
339 2445 423 2504 irrita
436 2455 584 2506 censetur.

232 2529 263 2589 Si
277 2528 452 2590 beneficium
471 2529 606 2591 obtinens
617 2531 791 2609 religionem
804 2530 1005 2608 ingrediatur,
1022 2529 1200 2591 tenendum

194 2623 292 2674 tamen
316 2632 376 2674 non
402 2624 485 2675 vacat
503 2616 559 2676 nisi
577 2634 629 2693 per
646 2618 874 2695 professionem,
900 2624 1033 2694 tempore
1057 2615 1201 2676 serdille

194 2697 369 2759 intermedio
387 2700 466 2760 inter
483 2700 648 2778 ingressum
668 2706 698 2760 et
717 2699 927 2779 professionem
945 2697 1041 2776 quoad
1057 2698 1200 2760 beneiics’a

194 2791 293 2842 curata
307 2781 398 2842 debet
413 2784 573 2862 Episcopus
586 2783 715 2863 idipsum
729 2801 835 2862 agere,
850 2784 930 2861 quod
942 2791 1116 2861 praestaret,
1132 2779 1202 2844 edm

194 2864 338 2943 paroebus
361 2866 573 2944 impedimento
597 2868 697 2945 aliquo
724 2868 919 2928 detineretur.
936 2867 1038 2940 Quoad
1059 2865 1201 2926 beneficia

192 2949 264 3012 verb
281 2949 407 3011 choralia
420 2953 529 3012 relictis
550 2954 651 3029 tyroni
672 2954 809 3030 religioso
829 2952 921 3030 ipsius
941 2951 1076 3010 benelicii
1098 2950 1203 3010 fructi·

193 3034 249 3095 bus
261 3079 270 3107 ‚
282 3035 321 3095 de
332 3034 590 3096 distributionibus
609 3036 650 3095 ita
664 3046 796 3109 statuet,
818 3046 852 3096 ut
867 3035 936 3112 jura
949 3034 1154 3111 praescribunt.
1168 3033 1201 3094 Sl

192 3118 268 3181 lortd
280 3119 467 3180 beneficiatus
490 3121 666 3198 religionem
684 3122 890 3198 ingressurus,
909 3119 1087 3179 beneficium
1112 3130 1201 3178 suum

191 3203 373 3276 dimitteret,
396 3223 462 3283 que
476 3204 662 3274 renunciatio
689 3206 805 3266 admitti
828 3206 865 3264 ab
886 3204 1031 3282 Episcopo
1045 3210 1145 3280 posset
1164 3214 1201 3261 ex

191 3289 307 3350 constit.
324 3289 372 3350 58.
381 3291 412 3350 S.
427 3289 481 3350 Pii
493 3292 528 3352 V.
543 3291 605 3350 aive
616 3278 952 3350 eam'renuntiationern
971 3289 1079 3348 iaceret
1093 3287 1131 3346 ad
1146 3296 1201 3347 tra·

192 3374 278 3434 mites
295 3375 401 3452 eapitis
412 3376 492 3435 XVl.
507 3375 583 3436 Sess.
597 3376 646 3435 att.
669 3375 781 3435 Concil.
795 3374 878 3435 Trid.
898 3374 937 3434 de
957 3373 1074 3452 Regni,
1088 3371 1202 3432 nibilo-

192 3456 290 3516 mintis
307 3459 339 3516 in
355 3476 494 3536 suspenso
509 3461 664 3520 remanere
676 3459 784 3520 debent
801 3477 835 3519 ea
850 3459 1007 3533 beneficia,
1028 3474 1082 3515 nec
1101 3461 1202 3533 posset

191 3534 336 3598 itlaalteri
350 3543 484 3605 conferre
496 3543 673 3622 Episcopus,
695 3544 753 3606 nisi
772 3553 839 3624 post
858 3544 961 3603 iactam
977 3540 1201 3602 brenuntiants
