2642 4167
447 247 483 328 '§.
497 248 551 308 lll.
569 240 612 309 De
625 246 861 328 mortificatione.
1101 232 1162 313 'lib

155 350 426 422 adustionibus‚'ct
435 346 482 410 bis
489 350 645 411 similibus.
654 351 712 411 Alii
721 348 793 412 verb
808 367 910 413 omnes
920 349 1042 412 emninb
1055 351 1161 413 morti·

154 438 308 502 dicationes
326 442 460 497 externas
477 433 615 494 ridentur
627 435 787 512 reprobare
800 443 952 514 tamquam
969 436 1088 496 inutiles
1100 437 1161 516 spi·
1186 486 1189 491 .

148 522 254 585 rituali
274 519 464 600 progressui,
477 526 570 579 totam
584 519 792 597 perfectionem
806 520 837 579 in
851 520 987 581 interiori
1003 520 1162 582 mortifica-

148 607 234 669 tione
253 603 435 666 collocando.
458 603 516 664 Sed
539 600 570 661 bi
592 604 681 663 etiem
705 612 807 664 errant
828 612 863 664 ut
887 605 998 684 primi,
1020 607 1161 682 queniam

149 688 394 752 mortificationes
418 686 584 766 corporales
609 685 752 764 adjurant
773 688 925 760 internas,
945 697 976 749 et
996 697 1065 749 sunt
1087 707 1161 768 quo·

149 771 311 835 demmedb
327 773 497 833 necessariae
510 770 640 850 (qnando
653 779 776 850 possunt
790 773 930 852 exerceri)
943 774 980 833 ad
994 774 1161 834 frenandos

149 867 329 930 sonsus‚·et
352 855 418 938 ided
443 856 569 934 legimus
591 855 628 915 ab
651 856 790 917 omnibus
811 858 916 917 sanctis
937 856 1004 935 plds
1024 857 1161 919 mindsve

149 943 241 1005 fuisse
261 941 474 1019 'frequentatae
496 941 610 1000 Verum
635 940 757 1017 quidem
781 950 847 1012 est,
869 942 948 1021 qnbd
972 944 1161 1004 mortificatio

149 1027 279 1089 interior
299 1027 467 1104 passionum
485 1023 560 1085 esti
577 1025 788 1104 poenitentibus
801 1024 986 1105 potissimbm
1000 1028 1162 1107 erigenda3

150 1118 187 1173 ut
200 1129 247 1172 ex.
259 1128 306 1188 gr.
318 1118 409 1179 esset,
421 1127 484 1170 non
496 1109 675 1187 respondere
684 1108 801 1186 injuriis
811 1155 819 1183 ‚
830 1129 889 1171 non
901 1131 1052 1189 querere,
1065 1131 1162 1191 noque

151 1195 340 1255 manifestare
360 1193 425 1253 aliis
444 1211 511 1270 qum
532 1193 662 1254 tendunt
685 1193 722 1253 ad
744 1196 895 1274 propriam
916 1197 1161 1270 estimationem,

61 1342 64 1349 ,
149 1278 256 1339 redere
277 1277 309 1338 in
329 1277 591 1349 contentionibus,
611 1278 739 1339 aliorum
760 1279 1162 1342 voluntati'condescendere

150 1362 214 1443 (sed
234 1364 300 1423 sine
321 1362 430 1423 damno
451 1363 631 1441 spirituali);
651 1362 730 1423 ende
752 1365 870 1442 expedit
888 1364 1048 1443 aliquando
1073 1366 1161 1426 alicui

149 1449 257 1508 anime
278 1444 437 1525 probibere
452 1465 554 1508 omnes
575 1447 816 1508 mortificationes
836 1456 992 1519 externas,
1008 1466 1163 1526 quousque

148 1552 181 1594 se
202 1533 311 1594 sentiet
329 1533 453 1594 liberam
469 1534 506 1594 ab
526 1535 624 1612 aliqua
647 1535 783 1613 passione
804 1535 897 1611 magis
915 1533 1111 1605 dominante,
1129 1542 1164 1595 nt

149 1618 307 1695 vanitatis,
320 1620 470 1691 rancoris,
485 1619 654 1697 cupiditatis
671 1636 774 1679 rerum
793 1617 882 1693 hujus
898 1617 1022 1692 mundi,
1037 1618 1164 1678 aestima·

150 1703 243 1765 tionis
253 1703 398 1780 propriae,
413 1713 464 1762 aut
479 1704 610 1782 propriae
621 1703 793 1764 voluntatis.
803 1700 859 1759 Sed
871 1699 1003 1760 absolute
1015 1719 1161 1773 asserere,

150 1786 395 1849 mortificationes
410 1796 545 1847 externas
560 1785 718 1867 nihil,¹aet
734 1783 840 1866 pariam
854 1785 1007 1863 prodesse,
1020 1788 1164 1848 maximus

150 1890 240 1933 error
257 1881 310 1932 est.
326 1872 447 1932 Dicebat
462 1874 495 1933 S.
506 1873 639 1932 lenones
652 1874 672 1932 d
687 1876 793 1947 Croce,
808 1871 835 1932 ei
850 1871 901 1950 qui
915 1873 1054 1951 reprobat
1069 1874 1164 1951 poeni-

150 1958 280 2028 tentiae,
306 1958 419 2019 nullam
440 1957 639 2037 praestandam
662 1974 725 2017 esse
748 1956 860 2031 fidem,
885 1957 998 2018 etiamsi
1022 1959 1163 2020 miracala

150 2051 349 2122 perpetraret.

192 2129 265 2189 ild.
284 2128 330 2189 Ab
355 2127 441 2189 initio
462 2147 532 2209 ergo
551 2129 681 2191 director
699 2137 768 2190 ante
789 2129 887 2189 omnia
907 2098 1044 2209 injungat
1066 2131 1164 2209 poeni·
1231 2124 1233 2128 ’

150 2214 249 2285 tenti,
260 2221 297 2274 ut
311 2213 387 2273 nihil
402 2233 533 2292 unquam
551 2212 636 2275 saciat
658 2214 783 2287 contria,
806 2225 857 2275 aut
869 2216 931 2275 sine
943 2215 1006 2292 ejus
1023 2215 1164 2277 obedien·

150 2302 210 2359 tia.
224 2298 282 2371 Qui
292 2306 392 2357 contre
403 2298 794 2376 obedientiempoenitentias
804 2307 895 2377 agunt
905 2343 913 2372 ,
925 2299 1023 2377 inquit
1034 2299 1065 2358 S.
1074 2299 1165 2360 Jona-

151 2399 209 2444 reea
228 2384 249 2441 el
267 2382 356 2442 Cruec
375 2404 387 2441 .-
407 2383 452 2442 Hi
473 2382 570 2463 moqis
593 2382 823 2463 proprede'untor
846 2382 880 2441 io
900 2380 981 2443 vitiis
988 2427 998 2459 ,
1022 2383 1112 2461 qoam
1131 2383 1166 2442 ire

152 2464 327 2530 virtutibus.
342 2467 386 2525 Sit
404 2483 542 2544 quoque,
563 2477 597 2527 ut
609 2468 669 2526 dixi
681 2513 689 2539 ‚
703 2468 789 2527 valde
808 2467 939 2526 retinens
958 2467 988 2525 in
1003 2465 1166 2525 eonceden-

154 2553 205 2614 dis
227 2549 396 2625 hujusmodi
421 2544 720 2624 modificationibus,
745 2551 879 2629 quamvis
906 2550 937 2608 id
967 2547 1166 2625 importunius

154 2635 317 2715 efflagitent
333 2636 528 2714 poenitentem
546 2637 615 2695 satis
633 2636 689 2695 erit
707 2635 744 2692 ab
766 2634 853 2692 initio
875 2633 917 2691 eis
932 2632 1091 2692 concedere
1111 2633 1166 2693 ali*

153 2739 248 2800 quam
273 2719 473 2789 tenuem,sed
490 2738 588 2780 raram
605 2717 882 2784 mortificationem,
906 2725 939 2775 ut
960 2714 1165 2792 disciplinam,

153 2805 321 2866 catenulam
337 2804 480 2876 ferream,
501 2803 727 2877 abstinentiam,
743 2797 841 2878 potius
858 2798 895 2859 ad
915 2798 1113 2877 ingerendum
1133 2799 1166 2867 in

155 2905 265 2948 eorum
287 2887 393 2947 animis
420 2885 657 2948 mortificationis
675 2885 873 2958 desiderium,
895 2882 984 2962 qulam
1007 2883 1044 2942 ed
1066 2901 1116 2944 eos
1131 2892 1166 2943 ut

154 2971 317 3044 convenit,
333 2972 575 3049 mortificandos3
590 2981 621 3031 et
639 2979 739 3050 postea
755 2988 891 3052 processu
909 2969 1049 3046 temporis
1059 2967 1169 3045 poterit

122 3051 128 3057 ’
152 3054 310 3117 liberalide
324 3073 411 3134 agere
420 3055 505 3133 juxta
525 3073 714 3136 progressum
736 3064 825 3135 quem
846 3056 944 3125 anima
957 3053 1042 3112 saciet
1058 3054 1090 3112 in
1105 3051 1167 3112 vir·

153 3139 290 3216 tutibus3
303 3138 421 3216 quando
441 3141 522 3199 enim
537 3140 586 3199 illa
606 3142 664 3200 crit
677 3141 709 3200 in
724 3140 830 3218 spiritu
851 3139 993 3207 solidata,
1008 3154 1070 3195 non
1085 3146 1167 3214 pote·

153 3223 201 3286 rit
225 3223 253 3283 ei
278 3223 343 3283 sine
366 3225 506 3303 scrupulo
530 3234 711 3304 opportunas
740 3223 982 3286 mortificationes
1008 3221 1165 3300 denegare.

151 3307 304 3371 Ceterdm
317 3350 327 3380 ,
342 3307 492 3370 ordinarie
508 3310 674 3388 loquendo,
693 3311 859 3388 generalem
874 3308 950 3368 banc
967 3307 1100 3385 regulam
1110 3308 1167 3368 sibi

154 3403 306 3472 proponat
318 3436 327 3466 ‚
341 3411 495 3471 nunquam
507 3395 616 3455 scilicet
632 3394 810 3455 concedendi
822 3393 1060 3453 mortificationes
1071 3401 1168 3454 exter·

155 3495 230 3547 nas,
250 3477 310 3537 nisi
334 3475 419 3555 priris
438 3479 619 3556 requisitus,
639 3480 708 3557 quia
730 3476 856 3537 beenon
879 3474 1008 3539 multdm
1024 3487 1165 3556 prosunt,

154 3561 182 3622 si
194 3561 307 3641 absque
326 3578 430 3639 magna
445 3563 609 3641 appetentia
625 3564 828 3642 recipiantur:
844 3570 874 3622 et
887 3562 1002 3641 quoties
1015 3562 1167 3634 concedit,

155 3663 277 3733 setnpet·
300 3644 402 3711 miuus
421 3646 510 3726 quim
530 3648 696 3727 postulatur
718 3646 876 3725 concedat,
894 3658 924 3710 et
940 3644 1058 3726 polide,
1072 3658 1106 3709 ut
1121 3648 1168 3706 in-
