2642 4167
386 242 387 245 Ἴ
406 161 457 221 Ee
476 157 610 241 operibus
626 158 778 220 Benedicti
789 159 838 221 XI
842 161 877 221 V.
1094 162 1151 224 rte

146 273 174 324 ct
191 260 366 341 recipiendis
386 260 543 338 diligenter
556 263 747 339 prosequitur
764 259 938 321 Benedictus
950 262 1001 322 XI
1006 264 1040 323 V.
1058 263 1087 321 in
1104 265 1151 323 ed·

146 351 211 409 dem
236 347 319 406 Rulli
338 344 407 405 Etsi
428 343 615 417 Posterolis,
636 345 804 422 exquibus
831 346 972 405 nonnulle
995 344 1044 405 bie
1062 348 1150 407 etiem

145 432 161 492 ir
179 430 262 491 nobis
279 438 413 506 excerpto
434 437 503 488 sunt
519 437 548 489 et
561 430 685 507 sparsim
699 430 731 488 in
745 447 813 488 sues
831 429 932 488 titulos
945 429 1112 490 distribute.

182 518 214 576 ln
229 514 311 574 Bulltl
332 513 429 587 Qctem
440 509 638 591 provinciale,
660 514 782 573 mandet
796 514 951 586 Pontifex,
970 521 1006 571 ut
1020 520 1153 574 servetur

146 618 240 661 conon
258 598 372 661 concilii
383 600 435 657 111.
448 598 638 659 Provincielis
649 598 843 667 Albuncnsis,
864 616 924 676 quo
943 598 1092 668 sancitur,
1114 616 1152 658 ne

145 685 252 746 Christi
280 681 418 744 fidelibus
441 681 496 741 sub
511 681 707 743 mahumeticd
727 683 840 742 ditione
863 680 1037 760 degentibus
1057 683 1152 760 impe-

145 777 255 830 nuntur
281 765 461 844 baptisandis
483 767 602 826 nomine
625 767 735 826 turcico
755 782 807 826 seu
833 765 1057 838 mahumetana,
1079 781 1153 824 neve

145 851 247 912 eodem
264 850 384 912 nominc
405 850 494 910 etiem
513 859 594 911 extre
608 850 788 929 baptismum
808 849 864 911 sibi
886 850 1063 928 imponent,
1080 848 1154 926 qud·

147 952 277 1013 eumque
290 933 410 995 tandem
428 934 589 995 redencio
607 943 706 1013 egent.

513 1103 827 1166 Bnefltronsoues.

187 1281 222 1340 ln
241 1277 377 1353 dioecesi,
400 1277 452 1338 ubi
474 1274 556 1336 adest
573 1277 754 1337 consuetudo
769 1279 923 1339 exercendi
941 1287 1034 1341 ortem
1057 1278 1154 1340 berbi·

146 1364 306 1425 tonsorium
325 1364 414 1423 etiem
426 1362 475 1422 die
494 1361 589 1431 feste,
607 1363 738 1441 permitti
751 1372 868 1440 potest3
883 1364 933 1423 sed
950 1364 1155 1442 tantummodo

145 1446 276 1507 definitis
296 1447 420 1517 diebus,
436 1463 495 1506 non
516 1443 587 1506 verb
607 1447 755 1507 omnibus.
779 1448 876 1506 instit.
903 1448 1010 1507 Eccles.
1032 1450 1081 1506 ts.
1101 1466 1155 1529 per

145 1540 253 1591 totum.
275 1533 355 1611 Opus
378 1539 423 1592 est
448 1539 547 1591 temen
570 1531 699 1604 servile,
730 1549 785 1592 nce
800 1531 865 1590 nisi
887 1548 924 1590 cx
944 1530 1155 1595 consuetudine

145 1614 345 1677 tolerandum.
357 1614 433 1677 lbid.
446 1633 477 1674 n.
493 1616 524 1675 2.

530 1782 765 1844 BENEDICTIO.

184 1953 353 2021 Benedictio
371 1971 520 2015 sacrorum
542 1953 667 2013 vestium
689 1951 791 2013 utritm
811 1954 850 2015 ob
868 1955 1011 2034 Episcopo
1027 1956 1153 2034 simplici

145 2038 288 2100 secerdoti
307 2039 451 2100 committi
473 2038 583 2116 possit,
603 2039 726 2115 quaestio
747 2048 912 2118 est'nnceps
935 2042 1013 2101 inter
1025 2043 1153 2120 Scripto-

144 2143 202 2187 res.
227 2123 357 2202 insignes
377 2133 475 2184 tomen
496 2124 628 2202 Episcopi
652 2124 819 2186 facultatem
837 2124 913 2186 hene
938 2127 1113 2209 plerumque
1135 2127 1151 2186 l

144 2208 375 2286 Congregotione
396 2218 512 2287 petunt.
531 2210 603 2267 lnst.
626 2210 701 2267 Ecel.
717 2211 767 2269 El.
790 2228 821 2271 n.
842 2212 872 2270 9.
892 2214 984 2271 eth.

183 2290 291 2352 Utreim
302 2292 536 2363 benedicendum
547 2293 586 2352 sit
597 2294 748 2370 cingulum
759 2338 767 2367 ,
778 2296 905 2372 pluviale
918 2305 948 2354 et
960 2312 1038 2354 scere
1048 2294 1151 2373 pyxis,

145 2377 269 2455 quaestio
279 2387 323 2439 est
333 2379 411 2438 inter
423 2381 571 2438 Doctores.
581 2378 764 2439 Probabilior
778 2390 805 2438 ta
839 2395 876 2437 cn
889 2389 1024 2438 censetur
1035 2380 1151 2456 opinio,

146 2479 211 2538 quae
229 2461 462 2523 benedictionem
478 2462 586 2539 exigit,
599 2459 668 2520 edm
681 2481 736 2540 pro
753 2398 861 2540 &Q
878 2465 916 2543 sit
933 2463 1089 2573 pechb
1102 2463 1155 2522 be·

145 2545 658 2607 nedictioinllituoli.ibid.n.lE.
838 2544 841 2551 ’
901 2536 920 2561 ’
1042 2540 1223 2589 “·”·’*···-’

185 2631 216 2691 Si
235 2648 272 2692 ex
292 2633 385 2691 veteri
403 2649 485 2694 ssero
510 2632 686 2689 vestimento
701 2648 811 2689 novum
823 2630 903 2689 eliud
919 2630 1040 2690 diverse
1053 2631 1153 2691 lormcc
1264 2642 1272 2655 ·

52 2766 57 2775 .
145 2714 317 2777 conficietur
330 2758 338 2787 ,
352 2726 386 2776 ut
398 2718 423 2776 si
437 2733 474 2775 ex
485 2715 559 2777 stoli
569 2715 755 2793 manipulus,
769 2725 825 2775 etc.
840 2715 1006 2777 benedictio
1023 2716 1152 2775 iteranda

144 2809 200 2861 est.
219 2801 293 2862 ibid.

183 2887 317 2965 Episcopi
340 2888 472 2949 titulares
500 2887 549 2965 jus
577 2886 695 2947 nullum
721 2885 832 2947 hebent
857 2885 1042 2946 consecrandi
1073 2904 1154 2947 sacro

144 3056 458 3132 ususPontiiicolium,
479 3076 540 3120 uon
564 3057 651 3119 detur
674 3058 731 3119 illis
748 3056 828 3119 bisce
851 3059 897 3120 uti
918 3058 950 3118 in
973 3058 1065 3117 aliene
1081 3056 1154 3117 dice·

144 3141 215 3199 cesi.
233 3141 308 3201 lbid.
327 3161 358 3202 n.
375 3146 425 3204 lb.

184 3224 311 3289 Abbetes
329 3230 478 3305 regulares
498 3227 671 3288 benedicere
694 3246 777 3306 posse
802 3244 978 3306 campanos,
1000 3232 1031 3287 et
1051 3227 1161 3297 calices¹

144 3325 201 3386 pm
220 3328 275 3372 usu
295 3312 459 3374 alienarum
476 3314 669 3373 Ecclesiorum
689 3314 824 3391 (possunt
838 3315 918 3373 enim
944 3330 998 3392 pro
1015 3312 1085 3390 suis)
1102 3329 1154 3372 ne·

144 3394 227 3469 gavit
253 3392 339 3456 Alex.
364 3399 436 3458 VII.
455 3398 486 3457 in
508 3415 562 3456 suo
584 3399 709 3456 Decreto
732 3396 791 3456 diei
809 3398 846 3456 27
866 3398 947 3475 Sept.
966 3398 1053 3457 loto.
1077 3398 1154 3456 Con·

146 3478 224 3539 sotto
250 3481 281 3541 S.
307 3482 564 3561 congregatione,
592 3478 666 3540 ndm
697 3482 848 3560 potuerint
872 3483 1045 3542 indumenta
1074 3498 1153 3542 sucre

144 3557 320 3627 benedicere
343 3584 400 3644 pro
422 3565 524 3628 alienis
545 3565 704 3639 Ecclesiis,
729 3582 766 3626 ex
786 3582 842 3641 eo,
868 3566 948 3645 quod
972 3566 1154 3628 obtinuerint
1182 3568 1190 3589 ¹
