2642 4167
393 315 442 377 Ee
455 309 589 396 operibus
600 307 752 372 Benedicti
763 307 852 370 XIV.
910 340 912 344 ι
1068 306 1125 366 tae

129 412 306 480 Tridentini.
320 412 372 477 llis
390 404 528 475 omnibus
551 412 699 491 deputatis
712 411 756 470 uti
779 409 867 469 debet
888 405 919 464 in
939 403 1125 464 administra·

123 504 206 573 tione
218 519 319 563 rerum
332 501 500 575 seminarii,
515 499 590 558 sieut
606 497 695 557 etiam
717 495 761 555 illi
781 490 941 553 adhibendi
960 498 1031 548 sunt
1050 489 1125 548 eirea

124 586 341 650 institutionem
362 592 392 644 et
410 583 594 661 disciplinam
610 581 743 657 ejusdem
759 576 930 648 seminarii,
947 571 1128 652 quamquam

124 675 284 752 Episcopus
303 671 343 731 ita
361 669 449 730 debet
464 669 495 728 in
509 668 556 727 bis
571 666 709 726 omnibus
728 682 831 724 aarum
845 659 1002 721 eonsilium
1013 656 1126 726 audire,

28 826 29 831 η
125 765 159 816 ιιι
172 755 255 832 sequi
274 772 336 814 non
355 761 501 813 teneatur.
517 754 560 811 De
571 750 684 830 Synod.
697 748 783 810 dioee.
802 746 856 811 lib.
868 746 896 807 o.
909 761 973 823 eap.
989 743 1037 802 ll.
1049 759 1079 800 u.
1095 741 1125 799 le.

28 854 29 857 ’
125 840 166 900 Ex
181 838 317 920 pluribus
329 854 417 897 sacrae
426 837 533 914 Congr.
549 835 628 895 deor.
1062 830 1064 838 '

498 1004 754 1065 SEPULCHRUM.

136 1234 138 1238 ,
163 1177 325 1260 Sepulchra
351 1179 382 1238 in
407 1174 541 1237 Eeelesiis
566 1175 839 1235 confraternitatum
863 1170 966 1235 habiri
983 1173 1134 1248 possunt,

127 1267 178 1328 sed
195 1266 233 1326 de
248 1262 366 1324 lieentia
379 1259 532 1339 Episcopi,
547 1257 592 1319 uti
614 1259 690 1339 saepi
710 1258 841 1322 decisum
854 1259 873 1319 a
885 1258 916 1319 S.
930 1257 1038 1331 Congr.
1056 1253 1128 1335 lnst.

126 1352 234 1412 Eeelos.
247 1350 315 1409 105.
332 1366 362 1406 n.
377 1346 445 1405 lii.
1084 1392 1091 1401 .,

165 1436 196 1495 Si
213 1433 359 1494 confrater
378 1429 480 1498 obeat,
492 1447 553 1488 non
571 1428 662 1488 oleata
673 1429 844 1506 sepulturi,
860 1422 993 1488 mandari
1006 1437 1065 1480 non
1078 1436 1130 1498 pa·

127 1528 184 1580 test
206 1517 363 1596 sepulturae
380 1512 412 1572 in
433 1512 557 1572 Ecclesia
583 1511 719 1589 ejusdem
739 1509 1006 1580 confraternitatis,
1025 1513 1060 1564 ut
1087 1509 1133 1562 est

128 1603 257 1666 derisum
271 1599 287 1661 a
301 1600 331 1661 S.
345 1597 585 1676 congregatione.
597 1597 674 1659 thid.
689 1615 719 1659 n.
735 1598 803 1659 tal.
1132 1603 1136 1610 ’

546 1766 712 1829 stltoltla.

167 1944 203 2002 ln
223 1937 347 2000 simonia
371 1936 517 1997 eontracta
537 1953 591 2014 pro
612 1934 754 1995 beneficio
767 1934 946 2014 acquirendo
961 1932 1056 2010 major
1068 1934 1129 1994 roe·

128 2024 319 2088 nitentiarius
343 2031 499 2086 monetur,
513 2021 602 2081 etium
619 2020 651 2079 in
673 2020 785 2080 easibus
803 2021 939 2096 oeeultis,
961 2027 992 2079 et
1014 2019 1046 2080 iu
1069 2019 1133 2093 lora

129 2107 337 2179 eonscientiae,
361 2125 398 2166 ne
420 2106 542 2165 titulum
561 2103 694 2180 ejusdem
720 2105 856 2165 beneficii
877 2103 1057 2176 convalidet,
1076 2104 1132 2165 nisi

127 2190 207 2254 sorti
220 2200 323 2269 agatur
335 2190 372 2250 de
387 2190 512 2250 simonii
525 2234 533 2264 ,
547 2190 712 2268 ignorantia
722 2190 808 2264 laeti,
822 2191 869 2251 rel
876 2188 953 2268 juris
962 2189 1131 2259 commissa,

129 2288 159 2338 ot
172 2283 290 2346 orator,
306 2274 526 2354 quamprimum
545 2273 576 2334 id
592 2274 983 2353 rescivit,dispensationem
995 2273 1132 2350 petierit3

129 2361 211 2441 quod
232 2360 307 2418 valet
320 2366 352 2419 et
370 2359 401 2417 in
420 2358 630 2435 pensionibus,
644 2360 675 2419 in
688 2359 796 2435 qulbus
806 2359 931 2420 simonia
943 2357 1028 2418 realis
1039 2357 1132 2418 seien-

55 2459 58 2465 ’
129 2456 176 2508 ter
193 2454 339 2513 eontracta
350 2443 452 2504 luerit.
466 2443 548 2505 Bulla
561 2445 671 2504 Pastor
689 2443 791 2505 bonas.

167 2528 385 2590 Abstinendum
401 2535 444 2587 est
456 2528 499 2587 illi
510 2527 628 2588 etiami
647 2527 859 2588 condonatione
869 2527 958 2606 pretii
969 2524 1132 2601 simoniaci,

28 2598 29 2605 ἵ
129 2613 249 2692 quando
268 2614 299 2673 in
315 2613 471 2673 lieelesiam
481 2612 578 2672 laesam
591 2657 601 2686 ‚
614 2612 660 2672 vel
673 2630 814 2691 pauperes
833 2613 920 2672 debet
933 2612 1045 2691 erogari
1056 2656 1065 2688 ,
1076 2615 1133 2675 nisi

128 2699 217 2759 aliter
231 2699 350 2759 suadeat
363 2706 519 2777 paupertas
537 2696 785 2776 delinquentium.
800 2697 875 2757 ibid.
888 2696 915 2777 ς.
928 2699 977 2757 25.

168 2784 227 2856 Qui
244 2782 402 2844 simoniace
422 2782 587 2842 intercessit
608 2801 662 2861 pro
679 2783 736 2843 alio
754 2783 791 2842 ad
813 2781 1031 2860 impetrandum
1044 2781 1134 2844 bene·

130 2867 252 2939 fleiatm,
267 2875 386 2927 tenetur
405 2867 437 2926 in
457 2865 623 2926 subsidium
642 2869 799 2928 restituere
822 2867 955 2927 Eeelesioe
968 2909 977 2939 ,
990 2868 1038 2926 vel
1060 2887 1133 2946 paa-

128 2950 251 3030 peribus
270 2952 383 3012 boetus
401 2949 418 3010 a
439 2950 625 3012 beneficiaria
644 2951 902 3031 malepereeptos,
920 2960 994 3012 'ante
1015 2969 1133 3013 omnem

128 3036 316 3096 sententiam.
330 3038 403 3094 lnst.
416 3035 524 3094 Eccles.
539 3036 586 3094 lis.
601 3054 632 3095 n.
646 3037 694 3096 ll.
917 3052 919 3055 ·

169 3119 200 3178 Si
218 3119 283 3195 quis
300 3117 426 3198 poseatb
443 3120 474 3179 S.
493 3120 724 3198 congregatione
742 3121 956 3183 absolutionem
976 3121 992 3182 d
1011 3120 1135 3185 simoniis

129 3203 283 3264 commissa
294 3204 325 3263 in
345 3203 505 3263 obtinendo
520 3203 682 3276 bellelaia,
697 3206 856 3285 impetrare
865 3208 938 3267 solet
948 3208 1134 3287 rescriptum,

129 3295 165 3346 ut
176 3283 324 3360 dimittat,
338 3296 474 3359 moneat,
485 3296 512 3348 et
524 3288 676 3362 restituat,
689 3308 795 3369 nempe
805 3290 935 3351 dimittat
945 3291 1133 3364 beneficium,

28 3404 30 3427 .
129 3380 248 3431 moneat
269 3389 323 3448 pro
337 3372 523 3432 restitutione
537 3373 625 3450 pretii
644 3376 753 3452 accepti
767 3419 774 3446 ,
788 3376 921 3436 Eeelesiae
932 3376 979 3437 vel
998 3378 1142 3461 pauperi-¹

129 3452 185 3512 bus
203 3455 337 3515 restituat
350 3457 462 3515 fruetus
477 3466 639 3534 perceptos.
651 3458 727 3527 lbldg.
742 3477 773 3519 n.
789 3461 836 3519 ld.

169 3537 199 3594 Sl
216 3537 289 3600 verb
306 3540 431 3600 simonia
449 3543 603 3600 commissa
620 3551 663 3601 est
678 3543 715 3602 ab
738 3544 836 3621 aliquo
850 3545 959 3618 tertio,
973 3545 1064 3608 insola
1083 3547 1134 3608 be·

133 3619 300 3698 leodeleria,
316 3630 387 3682 lune
407 3623 582 3684 rescribitur
599 3644 654 3704 pro
676 3627 908 3688 convalidatiane
928 3630 1028 3701 tituli,
1051 3632 1135 3688 durn-

133 3703 222 3768 modo
240 3714 309 3769 ante
324 3707 550 3791 possessionem,
576 3711 655 3790 qued
672 3713 750 3777 velet
765 3731 797 3774 ee
819 3713 843 3772 si
861 3713 1026 3790 diceretur,
1045 3711 1133 3772 madb
