2642 4167
152 270 210 330 idi
340 264 476 348 Epitotttc
491 260 630 326 necatae
644 255 767 323 acerelio
780 270 810 321 et
824 262 969 324 coaoaiccc

152 371 269 436 nisa,
292 382 420 445 quarunt
439 362 628 424 celebactioni
650 357 796 433 Ecclesia,
820 370 877 421 etc.
899 379 953 439 pec
974 367 1159 437 contractam

151 469 215 514 seso
235 449 414 518 obstrinxit,
433 448 489 509 hoc
510 449 591 508 enim
612 454 733 507 cavetur
752 444 893 524 expressis
914 444 1014 505 scabis
1033 446 1065 506 in
1084 464 1159 525 pce·

151 534 313 597 mmccccl
324 535 549 595 Constitutione.
568 531 643 592 lbid.
660 549 694 590 n.
710 532 762 591 iii.

190 621 221 681 Si
245 627 366 680 testator
390 620 492 679 missas
510 618 622 694 aliquot
646 634 759 676 annuas
776 632 832 693 pro
851 632 884 676 se
904 616 1060 695 reliquerit
1085 621 1162 680 cele·

152 703 297 773 beandas,
311 712 341 763 ct
355 704 386 763 in
403 720 472 762 eutn
491 702 582 762 laneat
596 700 676 761 ltunc
693 702 740 761 vel
758 702 841 760 illum
855 700 980 760 landam
994 702 1159 775 addixerit,

154 798 184 850 at
206 787 315 849 fundus
341 787 390 847 illc
413 787 617 850 diminuatur.
639 794 674 844 ut
696 803 755 846 uon
780 784 905 844 sultieiat
926 785 962 845 nd
982 799 1159 850 ¹consuetam

154 874 249 933 tuisse
262 872 496 950 eleemosynam.
512 887 570 930 noa
585 878 628 929 cst
646 870 729 929 locus
744 869 928 943 reluctioai,
946 870 996 930 sed
1014 874 1161 949 cogendas

153 963 199 1017 eat
214 955 327 1020 lances.
342 965 377 1014 ut
388 953 522 1030 suppleat
535 954 616 1031 qaod
633 952 932 1032 dcest3paaesamum
947 954 1026 1013 enim
1041 964 1162 1016 testator

153 1060 271 1120 semper
289 1041 415 1100 voluisse
427 1038 506 1099 laune
520 1041 674 1099 missarum
692 1056 848 1099 numeram
864 1040 895 1098 in
912 1041 1041 1100 savorem
1056 1043 1164 1102 animae

154 1144 225 1187 sace.
248 1124 340 1185 Porro
361 1126 384 1185 si
409 1124 498 1184 verba
521 1124 720 1201 dispositionis
742 1125 884 1199 incipiant
911 1123 949 1183 ab
975 1127 1165 1203 impositione

155 1209 272 1279 oneris,
291 1217 320 1268 et
338 1219 435 1286 postea
458 1208 633 1269 descendant
649 1208 685 1266 ad
703 1207 910 1286 assignandum
925 1207 1072 1283 fandum,
1092 1221 1165 1273 tune

155 1295 259 1371 utique
269 1291 336 1353 ciana
350 1294 489 1370 particula
503 1293 556 1352 ista
567 1293 605 1352 sit
616 1288 861 1358 demonstrativa,
875 1293 982 1352 suadas
992 1296 1016 1354 si
1027 1294 1162 1364 deficiat.

156 1376 336 1457 supplendas
357 1389 400 1438 cst
420 1378 457 1438 alt
475 1376 600 1439 hteaede.
619 1378 649 1435 Si
672 1375 744 1437 vead
759 1376 912 1454 dispositio
931 1378 981 1436 illa
1004 1379 1162 1458 incipiati

157 1463 359 1543 designatione
372 1463 454 1522 fundi
467 1504 474 1531 ‚
486 1472 515 1522 et
528 1460 652 1522 sabindi
664 1460 821 1521 descendat
833 1461 869 1520 ad
882 1480 972 1520 onera
987 1463 1162 1538 missarum,

158 1556 231 1611 tunc
256 1547 357 1624 atique
381 1546 598 1625 interpretanda
616 1554 662 1606 est
685 1545 831 1615 toxotius,
855 1546 987 1623 adeoque
1011 1548 1092 1609 locus
1117 1563 1164 1612 est

159 1633 346 1702 reductioni.
360 1653 413 1694 nec
425 1631 571 1714 cogendas
585 1641 629 1692 cst
646 1628 755 1702 limes,
774 1640 806 1690 nt
822 1634 967 1711 suppleat.
979 1634 1051 1705 Quae
1065 1638 1163 1697 omnia

160 1719 287 1798 expcimi
307 1720 405 1781 solent
427 1722 457 1779 in
478 1719 687 1787 instructione.
706 1716 744 1777 de
765 1718 823 1795 qai
842 1715 941 1795 sapui.
966 1718 1042 1776 lbid.
1062 1741 1094 1782 a.
1113 1725 1163 1783 52.

199 1804 229 1866 Si
256 1814 378 1867 testum
402 1803 520 1864 mandet
546 1802 677 1874 beced,
703 1802 773 1862 dece
800 1802 923 1862 landum
949 1803 1107 1884 legatario,
1131 1819 1167 1868 ut

162 1907 198 1950 ex
227 1888 291 1966 ejus
319 1888 463 1950 aeditibus
492 1889 677 1948 celebrentur
707 1887 825 1961 missaa3
853 1886 948 1946 heres
981 1889 1056 1949 laeti
1081 1893 1166 1952 laudi

161 1974 356 2054 assignatione
373 1975 411 2035 ad
430 1971 504 2035 nilail
523 1975 604 2034 aliud
624 1983 759 2045 tenetur,
783 1981 817 2032 ut
836 1991 871 2033 cx
891 1974 954 2033 aa.
969 1984 999 2034 et
1019 1975 1168 2040 decisione

163 2062 246 2121 itote
273 2059 347 2120 lbid.
379 2077 410 2118 a.
446 2061 496 2119 55.
520 2058 550 2119 st
583 2057 653 2120 vead
680 2066 799 2135 testator
831 2056 994 2119 mandasset
1026 2058 1165 2132 lauredi,

163 2152 199 2204 ut
222 2153 265 2204 tot
290 2151 442 2222 prostaret
472 2144 584 2203 iratctus
606 2143 782 2202 sullicieutes
805 2143 842 2202 ad
878 2141 1039 2220 injunctam
1072 2147 1167 2207 missae

164 2228 408 2294 celebrationem.
425 2227 529 2304 etipse
550 2227 676 2286 landum
693 2228 830 2286 idoneum
848 2227 992 2298 dedisset,
1013 2231 1037 2288 si
1053 2229 1165 2289 sauctus

164 2315 215 2377 ille
226 2313 295 2374 dein
310 2330 368 2372 non
383 2312 525 2379 sufficiat,
536 2312 717 2390 supplendus
730 2322 773 2371 cst
784 2313 821 2372 ab
830 2311 955 2372 laaeacde.
968 2315 978 2370 l
984 2313 1043 2372 laid.

205 2403 239 2462 ln
262 2399 432 2459 reductione
457 2398 612 2457 missarum
636 2406 846 2475 perpetuarum
871 2416 926 2476 per
948 2398 1170 2476 ampliationem

165 2484 288 2547 Cottcilii
310 2483 433 2543 Romani
452 2481 604 2551 iacienda,
629 2481 753 2540 stabiliri
778 2482 852 2542 salct
877 2484 1061 2563 eleemosyna
1086 2501 1173 2543 sexa·

166 2572 246 2648 mata
262 2578 411 2628 maltorum
426 2577 551 2627 monete
564 2583 712 2625 romanae:
727 2566 824 2643 quoad
840 2566 940 2625 missas
952 2566 1022 2626 vead
1039 2578 1172 2627 cantatas

166 2651 337 2730 assignanda
352 2661 395 2711 est
409 2651 592 2728 eleemosyna
611 2659 748 2708 consueta
762 2668 817 2726 pao
833 2649 869 2708 iis
882 2651 976 2709 missis
992 2652 1022 2708 in
1037 2651 1173 2730 quilibet

167 2736 284 2799 diceeesi
302 2735 421 2810 vigeas.
435 2742 469 2794 ut
487 2752 522 2793 ex
539 2733 657 2793 decreto
677 2735 708 2791 S.
719 2735 969 2810 congregationis.
984 2735 1059 2795 lbid.
1074 2755 1104 2794 n.
1118 2738 1172 2796 54.

167 2823 207 2885 At
222 2820 247 2880 si
260 2818 439 2878 eelebmndoe
450 2820 508 2878 siat
521 2818 609 2877 simul
626 2818 737 2894 aliquot
755 2819 849 2877 missac
864 2828 985 2878 cantatae
995 2863 1003 2883 .
1015 2829 1045 2878 ct
1058 2821 1176 2897 aliquot

168 2904 309 2983 private.
326 2920 380 2961 nee
395 2902 542 2961 sufficiant
559 2901 689 2971 aeditus,
702 2899 842 2978 erogandi
858 2908 927 2960 sunt
943 2903 985 2961 illi
1000 2904 1031 2961 in
1043 2904 1176 2964 celebra·
1241 2907 1246 2915 ’

170 2988 250 3048 tione
272 2985 427 3046 missarum
451 2986 654 3061 pria-utacum,
677 2983 774 3044 deleto
799 3001 889 3044 caece
912 2987 1007 3047 missae
1028 2997 1175 3064 canwtee,

171 3081 205 3133 ut
223 3090 260 3134 cx
277 3071 396 3132 duran
415 3071 446 3129 S.
463 3072 497 3130 c.
519 3070 594 3129 lbid.

208 3159 248 3217 At
264 3157 287 3216 si
303 3157 435 3216 reltactio
456 3155 507 3216 liat
527 3155 564 3214 ab
577 3156 719 3235 Episcopo
735 3156 837 3234 vigore
852 3157 996 3217 facultatis
1015 3160 1046 3219 in
1060 3161 1179 3221 lustau·

170 3245 268 3302 ctione
283 3248 446 3314 contente,
462 3240 648 3299 statuendum
666 3251 728 3310 est.
743 3251 776 3299 ut
792 3243 887 3301 missae
903 3243 1101 3313 celebrentur,
1113 3263 1179 3306 non

172 3325 292 3404 quidem
307 3324 554 3401 ed‘eledutasyai.
570 3343 635 3401 qaae
648 3343 683 3383 ex
702 3325 816 3385 indulto
826 3327 947 3384 Concilii
963 3327 1086 3386 Romani
1099 3346 1181 3406 pace·

173 3413 230 3468 lixa
248 3417 308 3487 est,
330 3408 380 3467 sed
403 3407 439 3466 ad
459 3408 604 3467 rationem
626 3409 818 3486 elcimaspaae
841 3410 991 3469 manualis
1006 3412 1036 3469 in
1058 3410 1182 3471 dioeccsi

174 3490 355 3631 pllpitgnentisg
371 3492 413 3549 ita
436 3492 517 3551 euim
536 3501 649 3552 constat
667 3511 703 3551 ex
725 3492 824 3582 vcalais
845 3493 936 3569 ipsius
961 3494 1183 3561 instructionis.

243 3611 249 3622 .
268 3588 335 3631 mn
358 3615 365 3630 .
735 3588 738 3591 ‘

212 3647 243 3702 si
263 3651 417 3728 Episcopus
434 3655 472 3714 ab
493 3658 649 3732 apostolici
668 3644 892 3723 Scdo'obtiaait
905 3661 1072 3723 facultatem
1088 3660 1184 3722 redu·
