2642 4167
416 235 466 297 Ee
478 234 611 315 operibus
627 232 775 295 Benedicti
787 235 819 296 X
820 237 836 295 l
842 236 875 296 l'.
897 278 901 287 .
1090 237 1148 299 lbi

142 341 227 403 rendi
243 338 346 400 missas
363 334 395 395 ia
406 336 458 396 snt
474 335 590 396 dioecesi
603 379 611 407 ,
625 342 722 414 potest
732 334 820 393 etiam
835 331 976 393 reducere
990 351 1047 411 pro
1059 352 1147 413 regu·

142 426 274 496 laribus,
295 431 331 483 ut
353 422 503 500 delegatus
523 421 607 481 Sedis
626 420 813 500 apostolicae,
835 420 860 479 si
881 418 918 480 ad
939 420 1024 479 illum
1045 439 1146 483 recur-

141 519 221 573 rent.
240 506 318 569 tbid.
447 515 450 521 ’
711 560 719 572 ,
754 552 763 559 .

179 596 224 656 Ne
237 609 322 652 novae
338 597 390 648 arat
404 588 549 649 inusitata
562 590 709 648 orationes
721 589 753 647 in
765 586 853 649 missi
868 589 1052 662 recitentur,
1071 592 1144 650 veti-

140 685 207 738 tum
224 683 268 737 est
287 676 317 734 in
336 673 417 734 bollai
436 671 690 748 chettcudmodcim
710 689 816 751 preces.

178 762 245 822 blaa
264 758 391 836 promoti
406 756 440 814 ad
458 757 712 835 presbyteratum,
729 755 754 813 si
772 755 888 816 missam
902 756 1071 829 eelebrent,
1086 764 1144 818 tra-

140 843 230 906 dendi
246 849 315 903 aunt
329 839 345 900 a
361 839 510 917 judicibus
525 843 557 899 S.
573 839 775 917 laquisitioais
793 841 888 901 Curiae
908 843 1037 901 maniaci
1058 842 1144 919 puni·

141 927 210 990 andi
235 943 271 987 ex
296 924 554 987 constitutionibus
578 919 673 983 Pauli
694 925 754 984 tv.
775 922 855 983 Sicti
881 927 917 984 V.
938 936 968 986 et
992 924 1144 985 Cierrveatis

147 1013 235 1074 Vm.
257 1003 330 1069 ltem
349 1007 417 1069 Urb.
436 1007 526 1068 Vttt.
547 1007 578 1067 in
600 1008 753 1068 constitut.
777 1005 978 1087 Apostotates·
991 1006 1142 1089 officiunt,

140 1096 178 1155 iis
188 1093 283 1173 pennis
295 1091 414 1167 salvjieit
434 1091 525 1150 etiam
548 1092 678 1150 minores
698 1093 783 1150 annis
797 1095 835 1152 25
848 1093 1033 1160 ,dummodo
1046 1097 1085 1155 20
1099 1111 1145 1154 ex·

142 1176 297 1255 plaverint.
313 1176 370 1234 llas
388 1175 614 1237 constitutiones
632 1174 754 1234 innovat
774 1173 884 1234 Bened.
898 1177 990 1237 XIV.
1013 1178 1044 1236 in
1066 1177 1144 1237 bulld

140 1257 283 1323 Sacerdos
301 1259 335 1319 ia
354 1266 516 1329 aternum,
537 1268 568 1317 et
586 1256 685 1328 addit,
705 1259 834 1334 singulas
847 1262 966 1318 testium
986 1260 1145 1338 depositio·

28 1408 30 1413 ‚
141 1360 214 1414 aes,
232 1360 340 1421 nempe
360 1342 479 1420 qrraado
500 1350 586 1402 testes
607 1342 637 1400 in
664 1342 724 1400 suis
746 1341 980 1420 depositionibus
995 1351 1065 1403 sont
1083 1345 1145 1405 sin·

140 1427 276 1505 epulares,
296 1427 395 1487 salire
416 1425 452 1486 ad
472 1444 592 1487 reorum
616 1433 773 1485 torturam.
791 1426 896 1487 Valere
912 1437 1009 1486 autem
1030 1427 1066 1487 ad
1087 1446 1145 1505 pon

140 1528 208 1571 nam
220 1555 229 1586 ,
242 1511 267 1570 si
285 1511 459 1570 ordinarius
476 1509 669 1569 desiccaverit
686 1528 740 1587 per
754 1510 900 1587 simplices
913 1510 1024 1571 litteras
1037 1555 1046 1581 ,
1059 1530 1144 1575 reum

140 1592 200 1654 ise
216 1612 277 1654 non
295 1611 357 1655 esse
373 1602 555 1673 promotum.
570 1594 603 1651 ln
621 1592 724 1659 eidem
742 1592 821 1651 butte
840 1593 943 1653 iisdem
959 1595 1144 1655 constitutio·

140 1676 229 1737 nibus
248 1676 366 1754 subjicit
384 1677 439 1736 bos
453 1695 520 1736 reos
537 1675 717 1736 celebrantes
735 1693 823 1734 unam
837 1674 952 1735 tantiam
968 1679 1062 1738 missae
1078 1696 1144 1756 par·

140 1770 223 1828 tem,
241 1759 403 1821 dummodo
427 1760 619 1820 elevationem
644 1761 823 1837 peregerint.
843 1759 872 1816 Si
896 1777 963 1818 reus
988 1759 1039 1819 bas
1060 1780 1143 1823 exee-
1171 1771 1174 1776 '

139 1846 275 1923 ptiones,
290 1846 331 1904 sie
347 1844 363 1904 iv
383 1844 524 1904 Pontifice
543 1843 688 1914 sublatas,
711 1842 917 1921 praetenderit,
928 1843 990 1903 sive
1005 1845 1063 1905 illae
1075 1864 1145 1907 eon-

136 1926 264 2004 junetim
282 1928 523 2004 considerentur,
543 1928 604 1986 sive
616 1928 807 2006 singulatim,
821 1944 881 1986 non
903 1936 1000 1986 tannen
1019 1929 1088 1989 satis
1100 1939 1145 1991 est

139 2009 214 2080 boe,
229 2011 387 2090 quomimls
400 2012 554 2073 tradantur
573 2011 693 2071 brachio
712 2013 841 2072 saeoutart
857 2013 880 2071 si
897 2012 957 2071 sint
973 2012 1038 2071 laici
1047 2057 1057 2087 ,
1073 2023 1104 2074 et
1118 2013 1142 2074 si

138 2094 239 2157 cleriei
251 2094 407 2172 quomimls
420 2095 595 2175 procedatur
607 2095 642 2154 ad
656 2095 896 2171 degradationem
910 2104 940 2155 et
956 2095 1143 2165 traditionem

139 2175 262 2253 braclvio
283 2179 422 2240 saeculari.
447 2180 581 2240 Declacat
600 2180 722 2257 insuper
745 2182 899 2251 Pontion,
920 2179 1029 2240 eidem
1049 2181 1144 2258 poeais

138 2262 274 2331 submitti
293 2281 491 2340 qtroscumque
513 2282 571 2323 noa
592 2265 756 2324 sacerdotes
773 2266 1010 2325 accrementalem
1033 2264 1144 2325 coales-

139 2346 252 2407 sionem
269 2346 418 2406 audientes
433 2358 463 2406 et
473 2347 687 2408 absolutionem
704 2349 913 2426 impertientes.
928 2348 958 2407 si
972 2355 1143 2407 tamennon

138 2431 178 2491 sit
196 2431 306 2509 prolata
327 2431 489 2504 absolutio,
504 2442 577 2493 tune
594 2430 611 2491 it
625 2432 727 2509 judice
738 2433 928 2493 ecclesiastico
944 2433 1043 2492 aninor
1058 2450 1141 2511 poena

140 2524 184 2577 est
203 2514 393 2593 injungenda.
411 2516 485 2576 lbid.
498 2515 527 2596 S
539 2519 570 2578 8.

177 2596 354 2659 Benedictus
363 2601 453 2660 XIV.
465 2601 598 2661 concedit
609 2601 790 2681 presbyteris
808 2600 892 2660 latini
907 2598 982 2659 ritirs
999 2599 1029 2658 in
1041 2601 1142 2662 liussii

140 2681 276 2741 l‘olonictl
294 2682 468 2760 degentibus
486 2686 587 2745 missas
604 2686 819 2745 celebrantibus
841 2686 870 2743 in
887 2684 1018 2743 Ecclesiis
1032 2685 1142 2745 limbo·
1214 2726 1222 2743 s

140 2767 445 2836 nordmannorum,
471 2775 504 2828 ut
528 2769 732 2831 deficientibus
754 2769 895 2830 altaribus
918 2785 969 2826 seu
996 2768 1142 2844 lapidibus
1240 2776 1242 2779 ’

139 2851 332 2919 consecratis,
352 2861 383 2911 et
402 2852 540 2913 calicibus
558 2857 654 2915 aureis
675 2855 723 2914 vel
745 2854 910 2933 argenteis,
927 2852 1045 2911 missam
1068 2854 1142 2913 cele·
1216 2924 1217 2929 η

139 2929 227 2994 brare
243 2934 355 3011 possint
374 2954 463 3015 super
484 2939 657 2999 antimensia
675 2940 849 2999 eorumdem
860 2935 1064 2998 liutbenorum
1075 2981 1083 3012 ,
1094 2939 1142 2997 La·

139 3014 205 3089 tino
225 3024 323 3077 tamen
341 3018 414 3079 rito.
431 3020 513 3080 Bulla
531 3025 673 3103 lraposc'to
691 3022 785 3084 nobis.

540 3190 736 3252 blONlbLES.
819 3277 824 3289 ι

179 3352 352 3414 stantattom
371 3356 512 3434 professio
527 3357 660 3434 religiosa
677 3365 744 3419 ante
757 3357 904 3418 decimum
920 3367 1034 3420 sextum
1048 3362 1141 3421 ostatis

138 3451 250 3498 annum
261 3438 430 3517 expletum,
441 3449 471 3500 et
484 3450 616 3499 exactum
626 3457 736 3500 evanum
751 3440 909 3501 novitiatus
920 3444 1042 3512 emissa,
1057 3443 1141 3504 irrita

139 3529 237 3580 estex
254 3521 338 3581 l'rid.
358 3540 427 3582 sess.
448 3524 497 3583 nb.
513 3541 538 3582 e.
557 3524 604 3583 lb.
618 3525 660 3581 Do
671 3526 743 3603 Syn.
757 3523 842 3584 dioee.
856 3523 878 3583 l.
894 3525 940 3584 tt.
956 3544 981 3583 e.
1002 3527 1050 3585 l‘i.
1065 3543 1096 3583 n.
1113 3527 1141 3597 i..

141 3602 338 3683 excipiuntur
359 3613 457 3671 tamen
472 3606 610 3669 mulieres
622 3650 630 3681 ,
644 3625 711 3684 qua
731 3608 925 3683 Paenitentes,
942 3615 994 3668 aot
1012 3610 1140 3669 Conver-
