2642 4167
324 182 351 267 S.
365 190 404 249 ll.
420 188 465 248 Do
480 184 612 247 ocotioae
627 172 897 265 contemplationis,
910 189 963 245 etc.
1091 184 1149 246 109

130 294 167 369 ,8.
181 291 267 355 lad
286 290 547 366 crocomagma
568 287 630 365 ipse
649 286 713 347 Dco
734 283 906 345 redditurus
926 290 971 344 est
987 284 1146 344 rationem.

24 396 28 407 ¹
128 375 356 455 Contemplatio
368 371 496 433 multum
517 371 619 431 differt
638 369 655 430 a
676 369 879 431 meditatione.
897 369 930 427 ln
955 369 1146 429 rnediuniono

141 461 289 540 queritur
299 460 379 519 Dcus
388 457 487 517 labora
496 454 660 537 discursus,
674 454 707 514 in
718 452 965 529 contemplatione
976 452 1039 512 sine
1052 451 1149 530 hujus·

140 545 220 606 modi
248 543 351 604 labore
372 541 589 619 contemplatur
611 542 690 600 Deus
708 537 772 617 jam
796 537 945 597 inventus.
968 539 1091 615 lnsupcr
1115 538 1148 600 in

138 628 332 692 meditatione
346 626 443 685 anima
457 631 597 705 operatur
611 624 724 684 actibus
741 632 863 683 suarum
882 622 1081 700 potentiarum
1093 644 1103 700 3
1116 623 1148 683 in

139 711 390 791 contemplatione
403 720 541 788 operatur
554 713 649 777 Deus,
666 717 698 767 et
720 706 818 766 anima
834 701 951 765 uncam
972 705 1103 783 patitur,
1120 714 1151 767 ct

138 798 247 876 recipit
272 797 305 856 in
327 812 359 854 se
381 792 479 865 dona,
500 812 568 871 quae
589 791 607 853 a
631 791 733 852 divina
755 789 849 870 gratia
870 787 927 848 sibi
952 789 1152 852 intunduntur

139 883 253 960 absque
275 897 312 940 eo
335 876 416 958 quod
441 877 554 956 aliquid
577 884 742 956 operetur,
766 873 907 953 quoniam
933 873 995 952 ipsa
1019 875 1095 951 lux,
1120 884 1151 937 et

137 964 259 1029 divinus
272 981 373 1034 amor,
384 981 444 1042 quo
461 973 533 1023 tunc
548 971 607 1024 tota
623 962 784 1039 impletur,
797 959 928 1020 reddunt
943 977 1008 1022 cam
1020 962 1150 1023 suaviter

138 1058 286 1112 attentam
299 1047 336 1106 ad
346 1046 602 1126 contemplandam
616 1047 672 1107 Dei
685 1046 732 1106 aui
747 1045 930 1120 bonitatem,
942 1044 994 1124 qui
1010 1053 1055 1106 tot
1069 1047 1150 1113 illam

139 1134 275 1197 cumulat
294 1132 389 1192 donis.

178 1220 252 1280 ill.
266 1216 427 1277 Advertere
446 1214 534 1275 etiam
548 1222 683 1293 oportet,
701 1213 886 1293 qudchus,
903 1223 1061 1294 antequam
1081 1237 1154 1279 con·

140 1303 228 1367 cadat
248 1301 401 1361 animabus
422 1299 534 1360 donum
557 1300 836 1378 contemplationis,
854 1301 929 1361 solet
949 1319 996 1362 aaa
1018 1304 1154 1365 introdu-

141 1406 212 1450 cere
232 1388 264 1447 in
283 1385 448 1445 orationem
469 1385 704 1458 recollectionis,
722 1384 813 1464 vulgo
835 1385 944 1447 dictam
961 1384 995 1447 di
1005 1385 1155 1469 Boccop'li-

141 1479 243 1534 triento
256 1514 264 1542 ,
285 1470 333 1529 vel
355 1468 418 1528 Otii
428 1465 646 1549 contemplativi
657 1469 710 1549 (sic
724 1468 799 1529 illud
812 1478 918 1530 vocant
931 1469 1077 1548 mystici),
1089 1489 1155 1549 qum

140 1576 206 1618 non
230 1563 275 1615 est
295 1551 392 1613 adhuc
413 1553 622 1631 contemplatio
645 1554 758 1624 inlusa,
777 1554 917 1632 quoniam
939 1554 1039 1615 aniam
1061 1554 1156 1615 adhuc
1250 1616 1251 1623 ,

140 1642 240 1704 estin
260 1649 337 1701 statu
354 1639 461 1699 activo.
477 1642 544 1700 Haec
567 1639 736 1699 recollectio
745 1638 869 1716 (loquor
886 1636 936 1697 hic
952 1637 991 1696 dc
1007 1640 1153 1715 naturali,

141 1728 288 1808 quoniam
300 1725 337 1784 de
350 1725 566 1801 supernaturali
579 1733 609 1784 ct
620 1725 714 1784 inlusa
728 1721 853 1783 inieritis
863 1724 1021 1801 loquemur
1031 1742 1065 1784 n.
1077 1725 1157 1804 155.)

141 1821 191 1874 ost
210 1809 327 1890 quando
343 1809 504 1869 intellectui
516 1826 600 1886 ‚opus
623 1827 683 1869 non
708 1816 753 1868 cst
773 1825 841 1868 cum
861 1805 961 1869 labore
973 1809 1056 1888 quasi
1074 1820 1155 1871 extra

142 1897 277 1957 animam
301 1894 382 1954 crire
407 1894 444 1953 ad
467 1893 713 1954 considerandum
740 1893 916 1972 mysterium
940 1894 1083 1973 aliquod,
1105 1905 1157 1958 out

144 1989 289 2042 aeternam
311 1967 707 2050 veritatem,'.sed'avulsus
723 1976 740 2037 a
756 1978 845 2037 rebus
868 1979 1018 2051 externis,
1042 1988 1073 2041 et
1096 1982 1158 2045 col·

145 2069 241 2127 tectus
260 2063 342 2141 quasi
363 2061 442 2121 intra
463 2062 594 2123 animam
615 2062 709 2140 ipsam
729 2059 840 2140 absque
861 2062 983 2137 labore,
1006 2065 1067 2126 imo
1088 2083 1157 2127 cum

145 2164 254 2225 magna
266 2149 408 2205 suavitate
424 2146 549 2206 attendit
563 2147 607 2205 illi
622 2146 758 2219 veritati,
776 2156 829 2207 aut
840 2149 981 2226 mysterio
995 2149 1158 2229 quodcum·

146 2249 208 2309 que
222 2231 272 2290 sit.
287 2229 389 2291 Otium
403 2227 661 2310 contemplativum
677 2240 721 2292 ast
737 2230 799 2292 leri
820 2231 919 2319 idem,
940 2233 996 2292 nisi
1022 2233 1103 2310 quid
1126 2234 1159 2295 in

146 2315 321 2376 collectione
343 2315 441 2375 anima
466 2314 597 2375 attendat
622 2315 711 2375 alicui
733 2316 847 2378 devota
871 2317 1041 2396 cogitationi
1067 2317 1159 2395 parti·

146 2400 262 2477 culori3
281 2401 314 2460 in
335 2400 396 2461 otio
416 2398 488 2461 veri)
505 2417 574 2461 cum
589 2400 721 2479 generali
739 2402 867 2480 quadam
880 2402 934 2461 Dei
950 2402 1054 2461 notitia
1069 2400 1160 2461 scunt

147 2486 183 2545 in
200 2485 295 2562 scipsa
314 2485 488 2558 collectam,
508 2493 539 2545 at
560 2487 689 2547 suaviter
704 2486 767 2555 Deo
787 2495 952 2547 attractam.
971 2487 1006 2545 ln
1025 2483 1079 2544 hac
1099 2484 1161 2545 col·

148 2570 298 2640 lectione,
317 2569 380 2629 aiva
400 2569 461 2629 otio
483 2571 732 2649 contemplativo,
752 2570 856 2630 dieunt
877 2568 998 2646 quidam
1020 2567 1160 2646 mystici,

148 2651 232 2732 quod
244 2654 297 2714 etsi
311 2652 374 2713 haec
388 2654 482 2714 oratio
494 2654 534 2714 sit
550 2650 920 2725 naturalie,nihilomini1s
937 2651 1035 2709 anima
1051 2652 1162 2710 cessero

146 2735 238 2796 delict
256 2755 318 2797 nou
335 2734 431 2797 callim
446 2735 691 2807 dmeditatione,
706 2735 861 2795 sedetiam
878 2734 916 2792 ab
928 2732 1041 2793 actibus
1052 2734 1160 2795 volun·

148 2819 220 2879 tatis
232 2862 241 2891 ,
253 2820 364 2880 scilicet
382 2820 511 2895 amoris,
525 2819 703 2891 oblationis,
717 2817 944 2898 resignationis,
962 2824 1019 2877 otc.
1030 2861 1039 2892 ,
1051 2823 1087 2877 et·
1096 2827 1162 2878 tan·

148 2900 217 2962 tiam
238 2904 360 2965 mandre
385 2903 473 2963 debet
490 2905 522 2964 in
544 2903 673 2982 quadam
693 2905 803 2963 amoris
824 2903 998 2982 vigilantia,
1017 2909 1047 2963 et
1067 2911 1163 2962 atten-

58 3022 65 3029 -
149 2987 235 3046 tione
249 2986 287 3045 ad
297 2986 410 3058 Deum,
422 2987 532 3065 absque
545 3005 580 3048 eo
591 2987 672 3066 quad
683 2997 785 3049 *actum
798 2988 926 3067 aliquem
938 2984 1164 3048 iaciatvarirm·
1185 3050 1190 3066 ⁸

150 3078 252 3129 tamen
264 3068 697 3157 hujusmodiincantationilms
711 3080 766 3152 ego
777 3071 897 3155 prorsus
908 3070 1091 3150 acquiescere
1102 3087 1163 3130 non
1187 3093 1196 3113 ’ν

150 3154 249 3213 calco.
261 3154 343 3215 Nulli
356 3153 501 3232 dubium,
515 3158 589 3234 quin
606 3159 724 3235 qnando
740 3160 837 3217 anima
850 3159 1000 3217 collectam
1012 3174 1043 3215 se
1054 3157 1162 3229 sentit,

151 3255 215 3299 non
237 3237 325 3300 debet
342 3257 379 3309 se,
391 3243 539 3320 applicare
557 3242 763 3321 meditationi,
789 3240 939 3321 quiajam
961 3241 1076 3301 invenit
1100 3241 1164 3302 sine

153 3322 218 3381 rollo
235 3323 337 3384 labora
355 3324 502 3404 quidquid
520 3326 583 3404 ipsa
599 3326 766 3405 postulabat
777 3346 787 3403 3
800 3335 995 3404 preterquam
1008 3324 1087 3401 quod
1101 3326 1162 3405 ipsa

153 3405 304 3466 ordinaria
326 3406 498 3479 meditatio,
515 3419 548 3469 ut
564 3411 606 3468 ait
620 3411 660 3470 P.
671 3407 793 3490 Sepoocri
808 3410 840 3468 in
853 3426 906 3468 suo
920 3424 1011 3467 aureo
1023 3410 1163 3486 opusculo

152 3488 193 3546 ‹tc
212 3489 369 3551 concordio
388 3489 467 3551 inter
482 3491 610 3555 lotorem
632 3500 663 3553 ct
680 3493 804 3571 quictem
817 3491 916 3571 (Part.
931 3494 961 3552 l.
975 3510 999 3551 c.
1017 3493 1045 3551 l.
1058 3511 1092 3553 n.
1110 3493 1162 3571 1.).

152 3571 382 3717 pchoicitlyipm
404 3576 524 3663 aliquod
546 3586 663 3662 tempus
685 3574 962 3658 contemplationem
970 3594 1045 3721 1unm
1056 3577 1165 3642 dieitur

225 3671 283 3716 ona.
320 3699 330 3718 ⁴
352 3696 362 3717 .
