2642 4167
440 220 524 300 det.
540 220 570 281 ὅ.
584 221 628 282 De
646 217 798 282 ordinibus
812 218 885 314 rnoj.
1118 225 1176 288 m

168 295 278 401 gratias
299 318 425 399 agendas
444 309 730 400 :tropetrntorienm¹
748 321 784 381 ad
807 320 946 388 beneficia
962 321 1171 401 impetranda:

167 402 482 485 Propitiotdrittne‚ad
495 406 612 463 veniam
630 403 833 466 obtinendam.

206 491 254 550 oo.
270 501 309 536 ‘—
322 487 406 548 Missa
423 488 495 550 veri
514 489 656 550 definitur
675 492 716 550 sie
728 512 738 550 ε
749 489 805 552 Est
819 490 958 572 Corporis
976 491 1175 576 etSonyuint'e

167 571 296 636 Domini
313 574 385 634 lesu
407 571 519 634 Christi
534 577 728 651 consecratio,
753 584 782 635 et
803 573 921 637 obictto.
944 575 980 636 Et
1004 572 1047 637 est
1068 594 1173 639 verum

169 656 362 728 sacrificium,
376 658 510 717 omnium
522 658 649 717 aliorum
669 661 813 719 rationem
827 661 1023 738 complectens
1034 681 1044 736 3
1056 661 1173 720 eadem·

168 759 227 818 que
244 750 288 801 est
306 740 401 801 hostia
426 762 491 819 quae
512 742 543 801 in
566 760 654 801 eruce
672 743 767 804 obtata
789 743 867 816 suit,
891 742 955 805 aoid
975 746 1089 806 ratione
1106 741 1174 825 offe·

166 823 254 886 rendi
270 819 407 897 diversa,
424 836 459 886 ut
475 826 560 885 docet
573 826 656 885 Trid.
671 843 741 888 sess.
757 829 805 889 Ὦ.
819 847 845 888 e.
860 829 889 889 2.
903 827 1065 889 Essentiaris
1078 830 1174 889 Sacri-

166 909 227 970 iicii
243 903 297 969 'aiii
314 910 417 969 dieunt
437 912 594 971 consistere
611 910 641 969 ia
656 912 886 989 consecratione,
900 913 950 973 aiii
966 913 997 973 in
1010 911 1170 990 oblatione,

167 991 218 1055 alii
238 993 269 1054 in
288 997 471 1075 sumptione,
491 996 541 1055 alii
561 994 682 1055 demitm
704 997 884 1074 probabilius
905 998 937 1058 in
960 998 1173 1060 consecratione

125 1083 128 1087 ’
167 1078 258 1139 simui
271 1079 301 1137 et
320 1080 486 1159 sttntptionc
502 1123 511 1150 ‚
531 1087 565 1139 ut
575 1077 722 1139 Beiinrnr.
736 1082 822 1152 soto,
837 1085 950 1142 Bonae.
967 1085 1078 1144 Tourn.
1093 1079 1126 1161 (l.
1142 1083 1172 1144 6.

166 1171 202 1222 rt.
216 1161 308 1240 505.).
323 1163 368 1223 Ad
382 1165 535 1223 essentiam
551 1172 650 1223 autem
665 1165 798 1243 sacrificii
814 1164 996 1244 probabilius
1008 1168 1172 1245 requiritur

166 1248 347 1307 consecratio
370 1248 525 1324 utriusque
543 1248 670 1325 speciei,
692 1265 801 1326 nempe
822 1252 907 1329 panis
930 1257 960 1309 et
982 1251 1065 1328 vini;
1086 1249 1173 1310 aiiter

166 1347 229 1390 non
240 1332 310 1390 satis
320 1332 536 1410 exprimeretur
548 1334 789 1393 commemoratio
803 1333 937 1394 sacrificii
950 1331 1065 1397 cruenti
1078 1334 1172 1394 erucis

179 1415 214 1473 n.
231 1413 322 1491 iod).
349 1433 352 1438 ‘

165 1413 178 1492 ί
209 1496 259 1557 97.
280 1531 319 1542 —-
340 1500 439 1573 Quaen.
464 1502 488 1559 Ι.
511 1500 582 1574 Quae
606 1501 799 1579 requirantur
820 1502 856 1562 ad
879 1499 995 1564 Missam
1018 1498 1173 1579 perficien-
1200 1489 1204 1495 ’

166 1583 263 1642 dam?
282 1583 352 1642 Tria
373 1592 444 1643 sunt
467 1586 625 1644 necessaria
645 1606 653 1643 s
676 1585 823 1661 Intentio,
846 1585 992 1656 nantario,
1013 1593 1042 1644 et
1061 1583 1170 1662 somno.

164 1666 341 1743 Requiritur
361 1666 485 1727 intentio
506 1667 713 1736 consecrandi,
734 1668 795 1726 sire
816 1666 989 1726 conficiendi
1008 1667 1173 1727 Sacramen-

166 1759 260 1823 tum,
286 1750 389 1810 saitem
413 1752 571 1821 virtualis,
599 1751 709 1810 scilicet
732 1768 797 1828 quae
821 1753 986 1827 perseveret
1013 1769 1049 1811 ex
1074 1751 1173 1811 inten-

165 1833 250 1894 tione
268 1835 373 1893 actuali
395 1833 478 1912 prius
499 1832 617 1907 habita,
637 1851 726 1910 quam
746 1832 824 1893 'certe
839 1833 927 1892 habet
942 1835 992 1911 qui
1009 1843 1129 1913 paratur
1142 1843 1172 1895 et

165 1916 279 1977 aceedit
299 1918 336 1976 ad
357 1918 588 1990 celebrandum,
606 1916 689 1995 juxta
710 1918 785 1977 dieta
809 1915 857 1978 hie
878 1936 910 1976 n.
934 1918 963 1979 u.
983 1920 1069 1979 Plura
1092 1937 1171 1979 nune

164 2008 240 2061 sunt
259 2001 387 2060 notanda
411 2002 449 2061 de
470 2003 593 2061 materia
613 2011 643 2061 et
662 2001 755 2061 torma
776 2003 879 2061 Missae.
893 2003 1024 2063 Materia
1044 2012 1087 2063 est
1109 2003 1171 2082 ipse

165 2085 304 2145 Christus
322 2086 488 2156 Dominus,
508 2087 627 2155 realiter
645 2087 771 2147 existens
792 2087 847 2145 sub
867 2088 1016 2164 speciebus
1037 2089 1120 2167 panis
1141 2097 1172 2149 et

165 2169 244 2227 vini.
256 2169 341 2227 Panis
357 2170 569 2230 consecrandus
583 2170 672 2230 debet
687 2187 748 2231 esse
767 2172 875 2232 usualis
892 2181 921 2231 et
933 2174 1117 2243 eommunis,
1134 2189 1171 2233 ex

165 2253 266 2314 farina
284 2254 418 2325 triticea,
442 2265 472 2314 et
490 2273 564 2334 aqua
588 2257 715 2316 naturali
737 2255 850 2334 (saltem
874 2260 928 2334 pro
951 2257 1055 2334 majori
1077 2256 1170 2334 parte)

165 2335 339 2409 contectus,
360 2338 486 2416 igneque
506 2348 604 2399 coctus
624 2359 678 2419 per
701 2341 822 2399 modum
844 2342 946 2418 panis,
968 2351 999 2400 et
1021 2357 1081 2398 non
1102 2356 1171 2398 eum

165 2420 227 2481 alia
242 2421 364 2480 materia
381 2440 416 2481 ex
428 2441 513 2501 aequo
525 2424 571 2483 vel
583 2426 665 2502 quasi
677 2424 839 2501 permixtus
850 2424 895 2502 (ut
907 2424 948 2483 ait
960 2425 999 2483 D.
1016 2419 1170 2498 Thomas),
1229 2438 1232 2443 ’

165 2522 205 2566 ae
221 2522 281 2564 nun
301 2516 476 2584 corruptus,
495 2515 547 2567 aut
569 2508 752 2585 corruptioni
766 2508 938 2583 proximus3
958 2506 1028 2566 aliis
1049 2523 1109 2564 non
1127 2513 1172 2563 est

167 2590 294 2651 materia
315 2599 394 2668 apta.
409 2592 448 2651 Ut
466 2601 566 2652 autern
584 2592 623 2651 sit
640 2591 760 2651 materia
778 2590 876 2660 licita,
899 2590 931 2647 tn
944 2590 1066 2648 Ecclesia
1082 2589 1171 2648 latina

167 2674 257 2752 panis
273 2673 360 2734 debet
377 2693 439 2735 esse
458 2693 594 2755 azymus,
611 2676 642 2733 in
657 2675 755 2733 Graeca
767 2673 959 2730 fermentatus
972 2669 1005 2748 (i.
1017 2676 1047 2731 ὓ.
1057 2690 1089 2730 n.
1102 2671 1169 2732 tau.

166 2754 213 2818 od
231 2756 326 2834 eoa).
339 2756 392 2819 uic
406 2769 504 2819 autem
519 2759 682 2818 notandum
698 2757 726 2815 i.
742 2754 821 2834 quini
835 2755 859 2813 si
871 2755 987 2814 Graccus
1001 2756 1106 2816 transit
1119 2770 1172 2833 per

166 2840 236 2902 loca
250 2842 417 2901 Latinorum
440 2844 481 2922 (et
496 2843 537 2902 sic
550 2844 669 2901 Latinus
686 2857 739 2917 per
755 2837 906 2916 Graeciam)
923 2837 974 2899 ubi
997 2855 1057 2897 non
1076 2839 1172 2898 sitEe·

166 2925 273 3000 etesia,
287 2925 320 2984 in
333 2945 390 3004 qua
403 2929 477 2986 ritus
490 2928 607 2987 Graecus
622 2934 757 2986 servetur
769 2968 777 2994 ‚
790 2929 887 3001 potest
900 2941 954 3001 pro
967 2940 1020 2998 suo
1030 2922 1169 2998 arbitrio,

164 3010 201 3070 in
226 3026 328 3089 azymo
345 3020 375 3070 et
395 3012 427 3071 in
445 3007 619 3071 sermentato
641 3009 809 3078 celebrare,
825 3008 866 3067 ita
889 3007 1085 3068 communiter
1106 3007 1170 3065 DD.

164 3091 201 3171 (i.
212 3110 238 3152 e.
249 3111 281 3153 n.
290 3094 383 3173 Μ).
393 3096 561 3156 Notandum
571 3096 601 3154 2.
616 3093 697 3172 quid
710 3101 878 3154 consecrare
891 3089 1014 3151 hostiam
1030 3090 1170 3162 fractam,

163 3179 217 3237 vei
237 3180 410 3238 maculatam
432 3198 492 3239 non
512 3181 601 3256 licet3
615 3180 667 3239 sed
678 3197 739 3239 non
757 3187 801 3239 cst
815 3177 957 3248 morteto,
969 3177 1025 3248 nisi
1045 3171 1172 3236 fractura

163 3263 217 3327 vel
235 3263 348 3323 macula
362 3276 436 3323 esset
453 3264 538 3323 vaide
557 3265 705 3337 enormis,
720 3270 755 3323 ut
768 3263 870 3321 dicarat
889 3257 1171 3339 erarti,Paaquoi.

163 3357 197 3411 ct
219 3343 253 3406 io
270 3346 360 3408 croix
381 3347 464 3407 addit
483 3367 552 3409 cum
572 3347 700 3423 dotato,
722 3345 802 3425 quiid
823 3346 847 3404 si
866 3343 992 3405 martura
1014 3344 1174 3423 deprehen·

163 3431 260 3493 datur
278 3439 345 3509 post
365 3429 562 3504 oblationem,
578 3433 645 3491 telis
665 3430 759 3490 hostia
779 3428 859 3489 licite
878 3428 1112 3500 consecrabitur,
1132 3445 1172 3487 se

162 3515 252 3576 eluso
265 3514 401 3574 scandalo
414 3516 515 3592 populi
526 3513 560 3595 (t.
569 3534 594 3575 c.
607 3525 640 3575 n.
649 3513 743 3592 204).
763 3512 930 3573 Notandum
942 3514 971 3573 5.
987 3513 1065 3590 quid
1078 3511 1172 3573 hostia

161 3597 258 3662 ‹teuct
283 3613 346 3660 esse
366 3599 469 3677 rigui-re
490 3599 692 3677 orbicularis‚'
706 3608 737 3660 et
758 3595 852 3675 major
877 3613 940 3677 pro·
955 3595 1126 3743 εὲῑιιιὶοιω
1146 3598 1171 3657 si
