2642 4167
399 245 447 309 Ea
459 242 593 327 operibus
605 245 758 310 &taedai
770 249 858 311 XIV·
1075 251 1132 313 293

127 350 182 410 bus
202 344 291 427 snprb
310 346 441 409 diximus
456 367 516 409 non
533 348 645 425 privari
664 348 939 420 distributionibus,
955 368 1014 409 non
1033 359 1131 410 tannen

127 434 302 511 participare
314 430 351 493 de
363 431 569 491 emolumentis
589 433 880 502 anniversariorum,
898 453 964 510 qaoe
974 452 1011 493 ex
1025 434 1131 493 volun·v

108 584 110 588 ,
128 528 188 579 tute
199 517 390 578 fundatorum
406 516 542 577 distribui
560 527 776 578 consueverunt
794 515 890 579 solim
907 519 985 578 inter
1005 536 1132 597 praesen·

129 610 241 669 tes,ut
258 619 294 659 cx
312 599 392 659 decr.
407 602 439 658 S.
453 602 484 660 C.
500 601 543 661 lb.
559 620 589 660 n.
605 603 653 661 62.

167 683 294 745 Demirm
318 683 539 744 distributiones
561 685 747 761 quotidianas
770 686 906 747 obtinent
927 687 1080 754 canonici,
1101 698 1131 746 et

129 769 309 838 beneficiati,
328 769 379 844 qui
401 768 550 828 interdum
568 770 645 840 intra
658 788 769 829 annum
787 772 863 829 intra
879 772 1001 831 domum
1014 770 1133 847 religio*

126 871 189 914 sam
202 853 288 911 clausi
303 852 440 911 exercitia
454 853 614 930 spiritualia
627 864 766 931 praestant
775 873 841 913 cum
853 856 969 915 licentii
981 854 1131 931 Episcopi,

128 954 189 997 non
209 947 306 995 tamen
322 936 346 995 si
366 937 396 995 in
416 937 562 1004 adventu,
579 937 799 1014 quadragesimi
814 949 843 998 ct
857 940 936 998 lestis
951 937 1132 997 solemnibus

127 1020 161 1080 id
178 1029 292 1097 agunt,
309 1029 339 1079 ct
357 1019 397 1077 ita
419 1029 527 1096 ugttnt,
541 1028 575 1078 ut
594 1021 713 1079 servit-io
734 1020 815 1080 ultori
833 1023 949 1080 nullum
970 1021 1134 1079 detrimen-

127 1113 194 1162 tum
211 1104 362 1162 inseratur.
378 1105 420 1161 lta
440 1122 477 1163 cx
493 1104 611 1180 Encycl.
629 1101 782 1163 Cleracntis
794 1106 854 1164 XI.
870 1106 943 1163 lbid.
958 1123 989 1163 n.
1004 1106 1054 1164 65.
1124 1112 1127 1119 “

167 1188 433 1253 Distributionihus
443 1188 531 1249 etiam
544 1188 722 1264 quotidianis
739 1206 798 1246 non
816 1189 969 1265 privantur
982 1186 1131 1250 canonici,

128 1280 161 1332 et
183 1268 371 1331 mansionarii
394 1272 532 1341 emeriti,
550 1272 612 1330 sire
634 1272 657 1328 si
673 1270 872 1347 coadjutorem
899 1272 1036 1332 habeant.
1056 1271 1131 1330 lbid.

128 1355 245 1419 Debent
264 1365 360 1415 tamen
382 1355 530 1414 indultum
554 1353 608 1415 boe
625 1355 788 1414 obtinuisse
807 1355 823 1415 b
841 1359 870 1415 S.
884 1358 917 1416 C.
933 1357 961 1414 vi
982 1353 1064 1429 cujus
1079 1371 1133 1411 nec

126 1440 186 1503 loci
208 1439 362 1498 residentia
377 1439 599 1516 astringuntur,
617 1457 795 1516 quamquam
814 1441 926 1516 possint
944 1439 981 1496 ab
991 1440 1132 1513 Episcopo

127 1522 266 1599 compelli
285 1522 320 1581 ad
342 1522 535 1581 assistendum
556 1522 665 1589 choro,
689 1524 713 1582 si
731 1524 827 1582 cultus
841 1524 960 1581 divinus
977 1522 1133 1580 detrimen·

127 1618 194 1667 tum
215 1607 352 1684 patiatur.
371 1608 413 1665 lta
433 1624 468 1664 cx
484 1604 608 1666 decretis
627 1609 656 1665 S.
673 1610 815 1682 Congrcg.
833 1607 877 1665 lb.
894 1625 924 1663 n.
938 1608 987 1664 oa.

168 1688 260 1749 Porro
273 1690 296 1748 si
310 1689 461 1765 coadjutor
472 1690 533 1749 sive
549 1691 625 1748 intra
639 1690 787 1748 civitatem
807 1697 947 1764 aegrotet,
958 1689 1020 1745 sire
1032 1694 1131 1756 extra,

127 1792 192 1836 nnn
211 1783 327 1833 tenetur
346 1772 499 1848 coadjutus
515 1774 647 1833 assistere
657 1772 767 1840 choro,
782 1780 813 1831 et
830 1771 1026 1832 nihilosecius
1039 1773 1134 1831 lucra·

126 1870 181 1920 tur
201 1857 440 1931 distributiones,
461 1875 527 1933 quar
550 1857 605 1932 ipsi
628 1856 751 1917 omnino
775 1857 935 1930 dclrcntur,
954 1858 1042 1915 etiam
1067 1872 1133 1917 cunr

125 1943 168 2003 iis
186 1941 413 2008 emolumentis,
428 1959 495 2016 qnae
513 1940 705 2016 praesentibus
723 1951 903 2000 accrescunt.
920 1941 964 1999 lb.
981 1958 1012 1999 n.
1026 1941 1075 2000 65.

169 2024 434 2085 Distributionibus
446 2025 579 2101 privatur
592 2025 717 2104 vicarius
729 2026 873 2102 generalis
887 2026 1038 2102 Episcopi,
1053 2042 1135 2085 cano

128 2109 214 2170 nicus
230 2110 429 2183 examinator,
445 2109 555 2185 quique
575 2108 606 2166 in
627 2109 765 2167 tribunali
780 2111 809 2167 S.
821 2109 913 2169 Officii
929 2127 1036 2168 munus
1047 2128 1135 2169 suum

126 2193 242 2272 praeiret
252 2238 262 2262 ,
272 2193 399 2252 ministri
411 2192 585 2261 cameratas,
599 2191 708 2251 scilieet
721 2193 943 2252 subcollcctores
953 2193 1132 2270 spoliorum,

127 2279 348 2347 etdccimarum
362 2276 508 2351 ,denique
520 2277 860 2353 peregrinationcsctiam
870 2295 964 2336 sacras
977 2277 1131 2340 obeuntes,

128 2362 188 2422 nisi
201 2363 264 2420 illas
276 2362 389 2439 egerint
404 2361 481 2418 intra
493 2361 638 2418 trimestre
650 2358 667 2416 b
678 2359 852 2418 Tridentino
862 2375 1042 2418 concessum.
1052 2358 1136 2415 Derris

128 2439 1136 2523 qucneomagistrijuriscanouieietsacrauTbcologiaeinpublicisuni·

128 2531 319 2590 versitatibus
329 2531 464 2589 docentes
474 2548 482 2601 ς
494 2530 543 2605 qui
556 2535 653 2585 tamen
664 2525 687 2584 si
699 2528 879 2583 recurrerint.
890 2526 925 2582 ad
936 2529 1017 2583 Sacr.
1027 2526 1134 2601 Congu.

128 2615 269 2676 obtinent
286 2617 397 2675 lraetus
413 2612 598 2693 praebendas,
611 2621 641 2671 et
656 2612 680 2671 si
694 2610 736 2668 illi
748 2611 807 2669 sint
820 2619 938 2681 terrucs,
951 2609 1023 2667 duas
1038 2613 1136 2667 tertias

128 2710 230 2777 partes
241 2700 502 2767 distributionum,
511 2695 590 2772 quod
606 2695 887 2769 etiampostrcmurn
899 2692 1068 2750 conceditur
1082 2693 1135 2756 iis,

127 2775 1135 2860 quicausaistudioruminpublicisuniversitatibusnbsuntdb.nti.

171 2868 316 2937 absentes
334 2866 405 2926 verb
430 2864 514 2927 causi
534 2863 624 2923 studii
642 2879 679 2923 ca
692 2862 772 2921 deur.
791 2860 1137 2926 tamtummodo·

128 2962 196 3012 tum
219 2950 275 3010 sibi
296 2968 463 3010 concessum
487 2965 547 3006 non
571 2944 759 3006 exhibuerint
777 2944 935 3005 Ordinario
958 2945 1033 3016 loci,
1054 2953 1085 3003 et
1105 2945 1136 3003 in

128 3037 204 3099 actis
227 3035 493 3099 Cancellarioenou
519 3032 692 3107 registretur
715 3030 792 3088 iutra
823 3039 937 3106 tempus
963 3030 995 3088 in
1020 3028 1136 3088 indulto

128 3119 307 3197 {irmbutum
327 3117 452 3196 perinde
471 3124 514 3177 est
532 3134 564 3174 ae
585 3116 609 3175 si
633 3133 692 3174 non
716 3116 885 3173 adfuissent.
905 3113 981 3173 lbid.

169 3202 396 3279 Coardjutoribus
420 3218 481 3259 non
504 3200 675 3260 conceditur
703 3199 855 3259 indultum
879 3195 1050 3257 absentandi
1074 3215 1136 3257 sese

126 3287 218 3347 causti
236 3286 338 3346 studii.
360 3284 434 3344 lbid.
953 3328 955 3333 ,

171 3371 309 3435 Studium
332 3368 405 3429 verb
424 3368 554 3446 quaesturi
577 3367 666 3429 debet
689 3370 720 3426 in
740 3367 860 3445 publici
877 3366 1085 3434 universitate,
1105 3385 1157 3423 acx

127 3452 254 3531 prodest
274 3470 383 3530 proco
402 3452 512 3529 pariter
529 3458 681 3528 tempore,
702 3469 760 3526 qao
780 3451 870 3525 lector
878 3455 1026 3527 privatam
1042 3449 1140 3507 lectio·

32 3602 37 3615 .
127 3553 205 3595 nem
228 3534 337 3606 lraluet,
361 3546 391 3597 ct
416 3554 476 3597 trau
501 3536 532 3593 in
551 3535 623 3613 ,aulai
644 3534 779 3611 publicae
798 3535 1015 3611 universitatis,
1043 3541 1084 3591 ut¹
1103 3550 1137 3592 ex

124 3620 213 3679 dccc.
231 3622 262 3678 S.
276 3623 308 3680 C.
324 3620 367 3680 lb.

921 3705 982 3762 et..
