2642 4167
170 163 229 229 lbss
441 161 554 225 &axis
566 161 749 244 cerastasurii.
765 164 837 244 Cup.
854 164 903 225 lb.

174 283 227 328 nes
242 265 330 327 laetas
349 262 478 327 fideliter
491 264 656 325 observare.
683 266 711 324 5.
740 266 849 325 Oretur
873 268 1001 324 eternus
1021 265 1128 334 Pater,
1146 271 1183 325 ut

175 350 425 428 propterlesum,
443 359 473 410 ct
492 349 613 409 Mariam
630 348 773 409 auxilinm
789 367 876 408 suurn
890 348 1036 426 prebeat,
1057 348 1095 408 ad
1111 348 1183 409 fide·

175 433 244 494 liter
266 431 471 512 exequendum
491 433 572 510 quod
593 434 621 494 ei
647 451 789 510 sponsum
811 440 866 493 est.
894 433 930 490 Et
954 433 986 492 in
1013 432 1073 493 fine
1093 447 1183 493 orans

176 517 361 578 commendet
379 520 440 578 Deo
454 518 571 589 animas
580 518 762 596 purgatorii,
784 516 1093 588 Praelatosdcalesiae,
1117 533 1184 595 pec·
1225 538 1227 541 ·

177 609 311 669 catores,
335 610 366 663 et
381 620 483 662 omnes
506 602 563 664 sibi
591 601 783 678 conjunctos,
805 602 936 676 amicos,
957 601 1181 672 benefactores,

177 685 328 746 recitando
350 685 440 746 semel
456 688 548 746 Peter
568 692 599 747 et
614 686 698 757 Aee,
715 705 781 764 que
803 694 875 746 sunt
892 686 1028 747 omnium
1045 704 1180 764 precum,

178 785 250 846 quas
262 767 405 829 debriato
428 777 458 829 et
471 770 594 832 Ecclesia
607 769 685 831 docti
706 787 828 842 sumus,
846 769 1018 831 utilissime.

215 853 283 913 ἥδ.
295 855 460 931 Antequam
480 854 632 914 tamenab
652 856 936 926 orationeexeatur,
952 862 1069 931 oportet
1085 854 1131 934 (ut
1139 854 1184 914 ait

176 935 209 997 S.
220 936 394 997 Francaeaa
410 934 552 1015 semiana)
564 938 701 1017 colligere
715 940 864 1000 fasciculos
882 937 1012 1011 ilerum,
1036 947 1070 999 ut
1084 948 1182 999 totum

177 1019 257 1080 diem
276 1020 320 1080 illi
335 1020 616 1093 oliiant‚nimirbm
633 1024 756 1102 seligere
769 1041 830 1102 prae
856 1023 969 1084 ceteris
995 1023 1182 1094 unam,ch
1246 1026 1250 1032 ’

177 1102 297 1163 alteram
310 1120 375 1163 rem
388 1147 397 1175 ,
414 1105 447 1166 in
460 1124 518 1183 qua
535 1107 633 1167 anima
646 1108 738 1186 magis
751 1125 783 1168 se
796 1107 907 1168 moveri
927 1106 1019 1167 sensit
1031 1151 1040 1177 ,
1053 1113 1089 1166 ut
1111 1107 1183 1166 reli·

177 1204 270 1265 quum
285 1185 344 1247 diei
358 1188 438 1249 illum
450 1191 601 1268 recogitet.
619 1193 650 1252 ἱ).
666 1193 791 1269 Oportet
804 1209 924 1270 operam
934 1190 1020 1264 dare,
1035 1192 1182 1251 utstatim

176 1271 342 1332 executioni
355 1271 475 1333 mandet
486 1273 712 1336 deliberationes
733 1275 820 1335 iactas
834 1285 914 1345 ,mm
931 1275 963 1334 iu
976 1275 1058 1352 parvi
1070 1317 1080 1348 ,
1092 1274 1183 1352 quim

177 1356 276 1434 magni
295 1357 437 1417 momenti
455 1358 672 1430 occasionibus,
693 1377 761 1435 quae
778 1359 863 1420 nobis
876 1367 1051 1427 occurrent,
1074 1376 1122 1418 ex.
1133 1375 1180 1435 gr.

176 1448 297 1518 superet
315 1457 383 1500 eum
406 1442 630 1503 mansuetudine
654 1442 828 1514 molestias,
850 1443 991 1521 quaesibi
1012 1441 1183 1503 inseruntur

177 1524 326 1602 abaliquo
337 1527 368 1585 in
383 1543 415 1587 se
424 1527 467 1586 ird
482 1543 636 1602 succenso3
651 1535 704 1587 aut
719 1536 753 1587 ut
765 1545 797 1588 se
816 1527 973 1588 mortificet
986 1526 1018 1586 in
1030 1527 1094 1586 visu
1105 1568 1115 1597 ,
1128 1542 1184 1585 au·

177 1608 262 1679 ditu,
275 1609 308 1668 in
319 1609 527 1687 loquendo.'llt
539 1609 685 1689 praecipue
694 1612 802 1682 refert,
818 1620 853 1672 ut
864 1609 1077 1682 cumsilcntio,
1092 1626 1184 1685 quan·

178 1700 243 1753 tum
259 1693 396 1771 possibile
414 1701 481 1765 est,
504 1704 655 1754 conservet
674 1694 742 1755 illos
762 1695 854 1754 animi
879 1696 944 1772 pies
968 1703 1065 1755 metus
1094 1692 1184 1752 affee-

178 1785 285 1848 tuum,
309 1793 383 1854 quos
402 1778 435 1837 in
452 1777 586 1838 eratione
598 1779 676 1839 Deus
694 1780 722 1839 ei
738 1778 982 1851 communicavit,
1002 1777 1134 1855 alioquin
1155 1776 1183 1835 si

176 1861 276 1919 statim
287 1858 323 1918 ad
338 1860 465 1920 actiones
477 1870 629 1932 externas,
650 1870 682 1922 et
696 1862 733 1921 ad
743 1863 861 1923 inutiles
873 1878 1022 1922 sermones
1034 1859 1181 1931 divertet,

176 1941 257 2003 illicd
272 1943 370 2004 servor
386 1944 436 2003 ille
448 1943 612 2007 devotionis
636 1945 670 2006 ia
689 1946 824 2007 oratione
838 1952 996 2024 conceptus
1008 1987 1020 2017 ,
1032 1950 1182 2022 tepescet,

176 2034 208 2087 et
224 2027 327 2086 irritus
339 2026 490 2087 reddetur.

215 2111 284 2170 226.
300 2111 364 2171 Prae
387 2113 500 2171 caeteris
519 2111 649 2189 denique
668 2113 798 2175 director
818 2130 906 2173 suum
921 2113 1112 2191 poenitentem
1135 2128 1183 2171 se-

176 2192 249 2256 dato
273 2195 448 2269 admoneat,
476 2214 514 2256 ne
536 2199 701 2259 orationem
726 2198 925 2267 intermittat,
949 2215 1046 2275 neque
1069 2196 1107 2256 ab
1130 2196 1183 2257 illa

176 2278 290 2356 aliquid
304 2281 445 2358 temporis
466 2280 621 2350 detrabat,
641 2279 789 2359 praecipue
808 2282 840 2340 in
860 2281 1005 2342 ariditatis
1024 2288 1181 2356 tempore,

177 2371 208 2423 et
223 2380 387 2442 numquam
400 2364 554 2437 turbetur,
568 2363 635 2426 licet
648 2364 736 2424 nimis
746 2362 839 2433 etditi
848 2372 1036 2441 cognosceret
1050 2362 1184 2424 animam

175 2446 209 2507 in
222 2447 358 2508 ariditate
375 2449 523 2526 positam,
543 2467 577 2509 ac
601 2450 684 2507 omni
706 2447 871 2509 devotionis
888 2449 1003 2509 servare
1020 2456 1183 2507 carentem.

176 2531 255 2605 Quot
277 2532 364 2592 aulici
379 2576 388 2604 ,
411 2531 506 2608 ajebat
518 2532 550 2593 S.
569 2531 743 2594 Fruneisous
756 2528 903 2607 aetesiae,
915 2540 1084 2593 euntsuum
1097 2531 1185 2608 prin·

176 2617 271 2693 cipem
281 2615 481 2688 honoratum,
497 2623 527 2676 et
542 2616 673 2675 contenti
689 2624 777 2689 sunt,
791 2619 817 2690 si
829 2615 970 2674 duntaxat
978 2615 1015 2674 ab
1026 2632 1061 2674 eo
1072 2613 1184 2690 aspecti

176 2704 269 2761 sunt?
282 2699 328 2763 ad
339 2700 501 2760 orationem
519 2717 573 2759 nos
590 2699 756 2777 pergimus,
771 2707 805 2758 ut
820 2698 996 2776 obsequium
1009 2706 1185 2776 proestemus

146 2832 149 2835 .
177 2784 240 2845 Deo
252 2827 261 2857 ,
274 2792 305 2845 et
324 2786 351 2844 ei
365 2783 596 2844 obsecundemus
608 2804 618 2858 3
630 2783 654 2841 si
673 2782 728 2859 ipsi
749 2782 832 2842 lubet
842 2775 901 2841 'nos
921 2780 1031 2858 alloqui
1047 2823 1056 2852 ,
1077 2788 1108 2840 et
1120 2780 1184 2841 suis

175 2868 422 2928 consolationibus
441 2866 525 2926 nobis
542 2865 658 2937 lavere,
671 2864 710 2925 de
723 2874 802 2927 tanta
820 2866 953 2944 gratiaci
967 2862 1183 2943 rependamus3

175 2951 223 3011 siu
236 2949 335 3011 mincis
343 2996 354 3026 ,
372 2948 520 3010 sufficiens
539 2949 597 3009 erit
619 2948 705 3010 nobis
718 2967 779 3009 suae
791 2950 899 3010 divine
910 2948 1184 3030 presentioeadesse

175 3051 261 3112 oeqoo
282 3035 399 3110 animo,
419 3050 489 3092 cum
514 3030 663 3092 adorando
673 3076 684 3108 ,
708 3042 738 3093 et
759 3042 873 3095 nostras
891 3033 1076 3094 necessitates
1089 3031 1118 3115 ei
1131 3048 1183 3091 ex·

175 3117 330 3197 pqnendo;
347 3117 413 3178 etsi
426 3123 496 3176 tunc
509 3116 654 3175 Dominus
667 3116 820 3177 nobiseum
832 3132 892 3177 non
905 3116 1064 3193 loquetur,
1077 3114 1182 3193 utique

175 3204 336 3282 acceptabit
358 3210 488 3265 nostram
502 3202 714 3277 attentionem,
733 3209 764 3260 et
785 3211 917 3262 nostram
935 3199 1133 3272 fidelitatem,
1150 3207 1183 3260 et

176 3305 231 3367 pro
244 3295 344 3351 nestra
356 3287 388 3349 in
404 3304 475 3349 eum
489 3284 597 3348 fiducia
610 3294 724 3348 nocuas
736 3285 895 3366 petitiones
905 3283 1050 3345 exaudiet.
