2642 4167
353 269 359 281 ·
436 234 488 296 Ea
499 231 632 314 operibus
647 230 794 294 Braolicti
804 233 893 295 XIV.
1108 232 1165 296 tut

165 336 348 405 tumescat
359 335 368 408 3
380 333 456 397 etad
469 334 644 412 Episcopum
663 334 789 410 pertinet
801 333 963 412 praelectio
974 333 1053 395 inter
1063 349 1167 410 appro

164 424 265 493 batos,
279 429 313 480 ut
326 436 362 479 cx
383 420 506 478 Decrcto
528 419 559 476 S.
572 419 605 476 G.
618 417 697 495 apud
712 416 889 483 Borboaara.
913 419 957 477 Do
977 417 1049 495 Syn.
1071 416 1163 481 Dioec.

157 509 183 568 l.
201 508 231 566 b.
243 524 270 565 c.
284 506 314 565 8.
329 522 360 564 n.
374 505 402 565 8.
413 511 444 567 ot
458 504 488 567 9.

201 589 275 651 Sede
301 597 423 651 vacante
447 588 478 649 ia
496 588 686 651 concursibus
701 585 805 646 electio
830 594 875 647 est
895 586 1004 647 Vicarii
1025 584 1166 664 capitula·

161 677 221 743 ris,
232 691 298 737 nam
307 672 343 741 nd
357 673 442 733 illum
455 681 514 735 tcta
523 670 816 748 jurisdictioeapituli
829 671 1006 731 devolvitur.
1020 689 1106 730 uuna.
1115 672 1164 732 ld.

202 762 236 818 ln
250 775 393 817 concursu
406 756 619 816 examinatores
628 765 767 814 tenentur
777 754 892 830 judices
904 774 966 817 esse
978 773 1039 816 nou
1050 754 1165 819 lautbtn

160 843 327 912 doctrinan,
343 841 392 901 scd
405 851 434 901 et
446 849 619 903 ceterarum
633 842 757 907 dotium,
780 858 845 915 quar
859 840 1026 901 necessariae
1049 839 1163 899 suntad

160 923 328 1003 parochiale
343 925 483 987 officium.
498 926 541 985 lta
560 925 694 983 Pontifex
709 923 741 982 in
755 923 836 985 tutta
850 923 925 987 Curta
945 920 1032 991 ettad
1044 925 1079 982 lu
1094 941 1166 991 con·

159 1027 251 1069 cursu
264 1007 397 1066 babendo
410 1005 471 1067 licre
487 1008 639 1066 servanda.
655 1009 699 1066 lb.

202 1092 307 1155 ttatnta
316 1092 419 1152 notitia
430 1092 586 1150 vacationis
595 1091 739 1172 Ecclesia,
749 1091 908 1168 Episcopus
917 1091 1068 1155 Vicarium
1077 1091 1165 1171 dmtu·

160 1184 206 1239 tet
218 1194 284 1235 eum
298 1176 499 1236 emolumento
511 1174 574 1250 cjrrs
591 1175 714 1235 arbitrio
728 1174 912 1250 assignando.

198 1259 357 1337 Episcopus
373 1260 502 1337 publicet
514 1258 648 1317 Edictum
670 1257 848 1326 concursus,
862 1257 1009 1334 proebnito
1029 1267 1163 1336 tempore

159 1343 224 1421 cius
240 1342 365 1402 lrnbcadi
380 1388 387 1412 ,
404 1343 481 1403 intra
500 1341 578 1419 quod
597 1353 713 1419 tempus
732 1352 937 1401 concurrentes
954 1342 1085 1405 delerant
1097 1363 1164 1420 per·

158 1445 240 1494 sonte
253 1426 289 1487 ab
301 1421 622 1506 Episcopodeputandae
632 1444 752 1485 sitarum
764 1426 957 1501 qualitatum,
971 1428 1162 1498 meritorum,

158 1521 189 1572 et
203 1529 359 1573 muncrum
373 1511 546 1575 documenta
560 1512 691 1585 sincera,
705 1511 767 1570 sire
777 1508 927 1586 judicialia
939 1530 948 1584 3
962 1528 1027 1586 quaa
1044 1525 1078 1567 eo
1091 1519 1165 1568 tem·

158 1613 233 1675 prore
248 1595 345 1672 elapso
360 1614 543 1673 nequaquam
555 1596 750 1671 recipiantur.

198 1679 253 1743 Die
266 1679 304 1736 ad
319 1696 491 1741 concursum
509 1678 638 1747 indicti,
654 1695 768 1737 summa
795 1694 898 1737 eorum
918 1674 1163 1743 documentorum

159 1761 176 1820 b
192 1762 372 1821 cancellario
385 1762 542 1838 episcopali
558 1762 685 1819 consueta
706 1759 839 1817 tradatur
861 1760 924 1828 illi,
945 1760 995 1835 qui
1010 1761 1163 1821 concursui

157 1854 285 1924 praeest,
300 1853 329 1906 ot
350 1845 521 1923 singillatim
540 1844 678 1905 omnibus
691 1843 950 1905 examinatoribus.
966 1845 1042 1902 Tum
1059 1841 1165 1905 babea-

158 1939 211 1989 tur
226 1948 383 1993 concursus
399 1929 549 2006 assignatis
561 1928 684 2007 singulis
700 1928 945 2007 concurrentibus
958 1927 1062 1987 iisdem
1076 1945 1165 2004 quas«

157 2013 309 2087 tionibus,
331 2013 647 2091 codemqrrceaangulii
660 2022 761 2082 textu,
779 2029 867 2088 super
883 2030 943 2088 quo
961 2012 1106 2079 sermonis
1115 2008 1165 2071 ata

158 2098 232 2177 quid
244 2108 450 2161 concurrentes
464 2097 664 2176 praescribant.
679 2099 746 2155 Haec
757 2097 855 2157 omnia
866 2096 1013 2159 dictentur
1026 2097 1164 2161 omnibra

160 2182 266 2243 collem
283 2184 394 2262 pariter
415 2193 547 2261 temporo
564 2225 572 2252 ‚
593 2191 622 2240 ct
636 2181 668 2239 in
690 2180 793 2240 eodem
809 2180 939 2240 correloai
957 2182 1083 2240 clausis:
1099 2183 1164 2240 assi·

158 2274 326 2350 gnelurquu
336 2268 474 2331 carnibus
488 2284 653 2343 congruum
668 2275 783 2342 tenipus
793 2263 829 2327 ad
846 2264 1094 2340 respondendum.
1106 2267 1163 2325 tte-

156 2367 265 2431 spoasa
288 2368 339 2419 sua
360 2354 485 2430 quisquc
507 2368 595 2415 aranu
621 2351 729 2409 scribat
754 2365 889 2415 sermone
916 2348 1030 2416 latino,
1053 2349 1163 2424 auique

154 2432 262 2497 itidem
275 2452 363 2495 manu
376 2434 551 2503 subscribat.
566 2435 670 2495 Sermo
682 2433 718 2491 ad
734 2434 875 2510 pupulam
891 2431 1043 2491 habendus
1059 2449 1162 2491 verna-

156 2519 225 2577 cula
238 2519 338 2598 lingua
359 2521 514 2583 scribatur.
530 2520 677 2597 Responsa
693 2515 813 2577 dembm
839 2517 900 2592 ipsa
915 2515 1079 2575 subscribat
1099 2524 1163 2589 tum

157 2603 355 2663 Cauccllarius
368 2601 527 2671 concurstis
535 2645 545 2681 ,
561 2612 625 2667 tum
636 2601 790 2678 superior,
803 2601 855 2679 qui
868 2608 989 2677 praeest,
1000 2616 1032 2657 ac
1042 2596 1163 2659 demum

155 2686 500 2765 exaruinatoressinguli.
934 2756 937 2761 ,

196 2771 348 2829 Tenentur
359 2772 448 2830 etium
463 2770 500 2829 ab
514 2767 763 2829 examinatoribus
776 2768 921 2844 explorari
940 2774 1161 2839 concurrentes,

157 2852 218 2930 qud
230 2854 334 2930 peritid
357 2855 485 2932 polleant
499 2855 528 2914 ia
545 2854 644 2932 linguai
666 2851 777 2927 latinii,
793 2852 936 2919 tradendo
952 2852 1009 2911 illis
1023 2851 1164 2929 explican-

155 2937 232 2996 dum
254 2937 366 3014 aliquid
383 2939 445 2996 stra
462 2937 500 2996 dc
518 2940 624 2996 sanctis
639 2936 794 3006 Patribus,
811 2937 874 2994 sive
889 2936 926 2995 de
949 2935 1078 2995 Concilio
1096 2936 1165 2994 Tri·

155 3020 302 3087 deabus.
316 3031 369 3085 aut
378 3020 560 3085 Cotechistno
573 3023 724 3090 Romano,
737 3021 817 3099 quod
830 3018 1043 3083 ereteairslieri
1057 3028 1163 3097 potest.

198 3108 346 3183 Responsa
361 3108 402 3169 ita
420 3108 582 3185 subscripta
597 3107 686 3167 etiam
698 3106 735 3165 ab
745 3106 1015 3176 examinatoribus,
1033 3106 1083 3182 qui
1100 3123 1166 3182 pau·

156 3192 253 3261 eiures
266 3191 361 3253 tribus
378 3210 439 3252 esse
451 3210 510 3251 non
527 3198 668 3269 possunt,
681 3189 739 3249 uu'a
753 3208 820 3249 cum
834 3190 935 3249 nolula
949 3189 1166 3266 compendiarii

153 3275 368 3354 requisitorum
389 3276 542 3337 tradantur
563 3274 742 3337 cancellario
759 3274 967 3347 custodienda,
988 3290 1078 3349 penes
1102 3282 1164 3334 acta

154 3362 393 3429 secrctauctuiui
414 3361 605 3427 ostendenda.

194 3444 308 3523 Siquis
326 3445 535 3523 appellandum
552 3440 702 3503 duxeritb
724 3441 802 3503 mali
820 3439 964 3499 relatione
983 3439 1165 3503 examinato·

155 3543 244 3609 runt,
260 3528 308 3589 rel
327 3528 520 3595 irrationabili
533 3526 646 3604 judicio
667 3523 821 3601 Episcopi,
840 3541 940 3589 eoram
953 3520 1053 3599 judice
1065 3524 1165 3599 appel·

154 3608 277 3673 lationis
295 3620 358 3675 aeta
372 3613 484 3690 integra
497 3608 654 3673 corrcursais
675 3609 902 3673 introducantur
914 3648 924 3677 ,
938 3604 1062 3685 quiillis
1077 3607 1168 3677 visis,
