2642 4167
158 225 214 286 tau
387 223 389 228 ’
431 223 543 285 Prasia
557 219 737 303 confessarii.
757 221 829 302 Cap.
848 221 894 280 ll.

548 406 660 471 Deinde
671 406 751 471 dicct
762 429 770 465 a

198 584 258 661 Ego
274 599 310 642 ex
326 586 469 660 potestate
489 578 563 639 milri
585 578 691 641 tradita
708 587 738 639 ct
756 595 889 638 concessa
912 577 1060 659 suscipio,
1073 600 1109 641 ac
1124 598 1174 643 rc·

159 667 237 744 cipio
261 675 291 727 te
311 667 348 725 ad
366 666 618 743 participationem
637 664 772 724 omnium
793 664 981 735 orationum,
1002 665 1175 744 disciplina-

160 769 228 810 rum
243 749 252 821 ,’
268 768 408 828 procum,
426 749 653 826 suffragiorum,
671 750 943 825 cleiruosynarum‚
962 745 1172 825 jejuniorum,

160 831 345 911 vigiliarum,¹
366 835 540 910 missarum,
556 832 696 891 horarum
712 832 917 890 canonicarum
931 875 939 898 ,
953 841 1174 896 accaetcrorum

162 918 514 996 bonorumspiritualium
524 962 532 986 ‚
541 937 606 994 quaa
618 918 741 994 passim,
752 916 811 984 die,
828 922 972 992 nocteque
984 916 1174 996 (cooperante

162 1003 362 1063 misericordia
375 1004 443 1062 lesu
463 1001 583 1078 Christi)
595 1001 611 1060 la
625 1001 768 1077 religiosis
789 1011 980 1079 peraguntur.
995 1005 1029 1062 lu
1051 1007 1175 1066 nomiae

162 1088 277 1158 Patris,
298 1098 327 1147 et
346 1088 431 1159 Filii,
445 1097 475 1146 et
489 1086 615 1164 Spiritus
629 1087 733 1145 sancti.
748 1145 750 1148 .

201 1182 281 1239 Bene
294 1186 327 1250 ›1‹
343 1179 420 1239 dicat
434 1190 463 1238 te
476 1178 611 1238 conditor
628 1179 693 1238 coeli
710 1186 739 1237 ct
752 1185 855 1253 terrae,
870 1178 949 1237 Deus
964 1180 1150 1261 omnipotens
1166 1223 1178 1255 ‚
1276 1235 1281 1238 .
1311 1161 1312 1238 i

163 1264 215 1339 qui
238 1273 267 1323 te
286 1264 394 1342 eligere
410 1263 546 1341 dignatus
559 1263 650 1322 estad
664 1263 757 1321 beatae
767 1262 897 1339 Virginis
911 1264 1010 1323 llariae
1022 1265 1176 1327 demorata

164 1347 299 1408 Carmclo
322 1349 506 1416 societatem,
524 1356 554 1407 et
573 1347 861 1416 confraternitatem,
875 1365 965 1424 quam
991 1365 1174 1426 precamur,

164 1439 199 1489 ut
220 1432 252 1492 in
268 1431 340 1492 liora
358 1431 454 1493 obitirs
474 1434 517 1492 tui
539 1439 672 1492 conterat
685 1439 773 1508 caput
791 1432 954 1507 serpentis,
975 1434 1026 1510 qui
1049 1434 1104 1493 tibi
1128 1444 1179 1495 cst

165 1515 366 1588 adversarius,
381 1525 410 1577 et
433 1517 552 1576 taudem
572 1525 711 1593 tanquam
725 1515 821 1573 viator
837 1516 965 1591 palmam
984 1526 1012 1576 ct
1034 1519 1178 1579 coronam

165 1600 375 1678 sempiternam
387 1601 565 1662 haereditatis
584 1599 779 1678 consequaris.
789 1601 844 1657 Per
854 1598 1000 1659 Christum
1012 1601 1179 1661 Dominum
1250 1651 1257 1664 ,
1311 1673 1312 1686 χ

165 1693 311 1746 nostrum.
324 1686 430 1747 Amen,

366 1864 550 1945 Aspcrpotur
561 1863 704 1945 recipiens
717 1865 797 1944 opud
811 1846 974 1923 benedictn

203 2041 271 2100 291.
283 2036 451 2101 Benedictio
464 2040 638 2121 Scaputoria
652 2044 684 2103 S.
701 2039 811 2102 Marito
827 2047 935 2121 septem
953 2036 1097 2101 Dolorem
1119 2041 1180 2120 (l).

202 2218 247 2294 Ji.
259 2217 447 2296 adjutorium
471 2230 625 2294 nostrum,
648 2232 704 2283 etc.

204 2309 242 2383 qt.
260 2305 317 2379 Qui
333 2304 402 2365 sccit
419 2305 528 2368 coelum
540 2350 548 2381 ‚
562 2317 593 2368 ct
607 2318 717 2368 terram
729 2352 737 2378 ‚
748 2312 812 2366 cto.

587 2485 750 2545 OREMUS.

165 2649 302 2778 Douma
314 2715 382 2775 Jcsu
397 2714 513 2777 Christe
523 2760 532 2788 ‚
542 2717 593 2795 qui
606 2723 724 2796 tegmen
732 2723 839 2776 nostrae
851 2715 1038 2777 mortalitatis
1051 2716 1184 2777 inducre

164 2799 301 2876 dignatus
313 2817 360 2869 cs,
381 2800 567 2862 obsecramus
587 2803 762 2861 immensam
781 2802 924 2880 largitatis
942 2810 1000 2861 tuae
1021 2800 1183 2861 abundan-

140 2947 143 2954 p
164 2885 258 2955 tiam,
278 2893 312 2943 ut
331 2883 387 2943 hoc
408 2903 501 2962 genus
523 2888 787 2954 vestimentorum,
806 2885 887 2964 quod
907 2885 998 2944 sancti
1018 2893 1114 2962 patres
1139 2886 1183 2946 ad

165 2968 364 3027 innocentiam
378 3012 386 3038 ‚
400 2966 634 3044 humilitatisque
650 2970 792 3030 indicium
819 2972 851 3029 in
875 2970 1048 3029 memoriam
1062 2976 1182 3046 septem

165 3052 307 3111 Dolorum
317 3053 349 3110 B.
365 3052 495 3130 Virginis
509 3056 607 3115 llarioe
625 3074 678 3115 nos
694 3056 769 3115 scrrc
782 3064 958 3125 sanxerunt,
973 3056 1019 3136 ‚ita
1040 3054 1115 3113 bene
1138 3058 1179 3129 ›1‹

164 3134 262 3194 dicere
276 3134 422 3212 digneris,
437 3146 469 3195 ut
487 3138 539 3215 qui
559 3138 616 3197 illis
635 3140 724 3198 fuerit
740 3139 882 3208 indutus,
900 3156 1024 3217 corpore
1042 3137 1179 3215 pariter,
1311 3179 1312 3210 3

165 3236 198 3278 ac
210 3221 308 3278 anima
324 3217 427 3279 induat
447 3230 476 3280 te
495 3223 676 3283 Salvatorem
691 3232 837 3284 nostrum.
851 3222 908 3295 Qui
926 3223 1000 3284 vivis
1018 3230 1049 3282 ct
1069 3238 1182 3299 regnas
1230 3290 1238 3295 ‚
1311 3219 1312 3268 l

165 3301 197 3360 in
209 3304 312 3362 saecula
324 3304 510 3366 saeculorum.
523 3310 629 3367 Amen.
1184 3327 1189 3341 '
1311 3311 1312 3324 ¹

159 3484 431 3605 ·‘⁰('2lril·¹0:igtti³uputare
446 3498 482 3539 est
497 3490 590 3538 Ordinis
608 3493 736 3541 Servorum
752 3495 777 3543 B.
801 3494 832 3541 Μ.
849 3494 878 3542 V.
888 3507 916 3541 ac
937 3498 1071 3566 constater
1096 3506 1185 3551 pauno

917 3622 981 3669 utet.
