2642 4167
189 233 227 292 444
468 226 579 289 Peneis
599 223 779 305 confessarii.
795 224 868 307 Cap.
882 185 914 285 4.·

189 352 241 412 pes
263 333 295 393 in
317 330 487 408 hujusmodi
510 330 677 400 occasione,
693 326 766 388 diam
786 329 888 389 omnes
908 329 1062 406 aspectus,
1080 334 1112 392 et
1129 329 1191 392 col·

187 419 285 498 loqnia
307 418 386 476 inter
403 433 524 494 sponsos
543 423 612 474 sant
631 415 780 473 incentiva
802 414 839 474 ad
859 412 1062 493 peccandum:
1085 424 1189 493 estque

187 503 339 563 moraliter
359 499 540 579 impossibile
559 499 635 575 ipsos
657 499 784 557 invicem
803 499 987 569 conversari,
1004 508 1033 558 et
1048 517 1108 559 non
1122 518 1190 559 sen·

188 587 246 646 tire
266 587 400 645 stimulos
421 585 456 644 ad
476 602 525 643 eos
545 592 645 660 turpes
667 589 766 659 aetus,
783 579 835 661 qui
854 593 988 662 tempore
1006 583 1189 644 matrimonii

187 670 295 730 deinde
310 669 463 729 succedere
477 668 596 727 debent.

226 757 274 815 et.
286 754 467 814 Generaliter
480 760 578 809 atatem
592 750 740 828 loquendo
751 749 789 809 de
801 749 1031 811 adolescentibus
1043 761 1073 813 et
1084 754 1191 832 puellis

188 842 238 919 qui
259 840 382 899 invicem
406 855 437 897 se
461 836 618 906 adamant,
633 836 744 912 quippe
764 853 824 894 nun
847 843 918 894 suut
936 836 983 895 isti
1003 854 1105 898 omnes
1118 840 1193 898 indi·

187 922 436 1001 stinetiadegravi
459 921 544 996 culpa
565 919 748 989 damnandi,
773 919 822 978 sed
846 919 994 980 ordinarie
1018 931 1089 998 puto
1112 922 1191 1000 ipsos

187 1008 345 1067 difficulter
367 1023 429 1065 esse
451 1012 532 1062 extra
556 1003 738 1062 occasionem
763 1004 927 1081 proximum
950 1004 1097 1068 lethaliter
1121 1026 1192 1085 pec·

187 1092 283 1151 eundi.
302 1093 334 1150 ld
356 1090 448 1153 nimia
472 1088 652 1164 experientia
675 1095 777 1164 patet3
800 1106 869 1147 nam
891 1106 927 1148 ex
949 1100 1068 1151 eentum
1091 1092 1193 1152 adole·

187 1176 334 1237 scentibus
350 1175 401 1233 vix
418 1173 477 1232 duo
497 1181 548 1231 ant
570 1182 629 1229 tres
644 1174 674 1230 in
692 1171 875 1232 occasioned
893 1175 1067 1234 mortalibus
1081 1176 1194 1237 inveni·

188 1271 277 1322 entur
291 1262 454 1332 immunes3
467 1266 497 1315 et
511 1257 534 1313 si
549 1274 607 1315 non
626 1257 657 1314 in
675 1257 840 1334 principio,
856 1257 957 1316 saltem
972 1259 1003 1317 in
1018 1277 1193 1338 progressu3

187 1347 260 1407 tales
282 1347 360 1405 enim
382 1344 549 1402 adamantes
573 1339 655 1418 priris
678 1349 889 1401 conversantur
913 1342 1039 1404 invicem
1063 1347 1101 1405 ab
1124 1366 1196 1423 pro·

188 1432 381 1510 pensionem,
405 1426 512 1486 deinde
537 1427 694 1502 propensio
716 1426 752 1484 su
773 1427 866 1503 passio
889 1436 1043 1503 postquam
1064 1430 1197 1493 radicem

187 1517 219 1575 in
233 1515 321 1574 corde
340 1513 456 1582 fixerit,
471 1520 599 1569 mentem
614 1509 805 1584 obtenebrat,
818 1521 848 1569 et
865 1512 957 1569 cosin
971 1513 1057 1571 mille
1069 1516 1196 1576 erimina

187 1617 274 1658 rasere
291 1599 369 1657 lacit.
390 1597 464 1655 ilinc
483 1594 642 1653 Cardinalis
664 1593 755 1653 Picus
775 1593 810 1653 de
822 1591 1015 1668 Miruodolo,
1033 1599 1195 1677 Episcopus

110 1680 116 1689 “
187 1683 374 1753 albanensis,
388 1683 418 1740 in
437 1698 488 1738 sara
508 1678 624 1738 doceat
646 1697 699 1756 per
716 1680 847 1737 edictum
867 1697 935 1739 suos
954 1680 1109 1741 admonuit
1122 1702 1198 1744 con·

188 1768 338 1836 tessarios,
360 1783 397 1824 ne
420 1764 490 1822 tales
511 1762 679 1821 adamantes
699 1763 905 1834 absolverent,
926 1764 951 1823 si
972 1774 1127 1842 postquam
1147 1778 1198 1827 ter

187 1854 301 1913 abaliis
315 1850 375 1927 jam
394 1848 505 1907 suerint
520 1846 683 1919 admoniti,
698 1846 735 1905 ab
754 1846 923 1922 hujusmodi
936 1867 1038 1910 amore
1055 1853 1198 1914 sectando

187 1956 248 2000 non
269 1934 497 2000 abstinuissent,
519 1932 683 2008 praesertim
709 1941 843 2010 tempore
863 1941 1028 2005 nocturno,
1049 1943 1101 1995 aut
1119 1936 1196 2009 diu,

186 2031 238 2082 eut
254 2019 349 2090 elim,
370 2025 421 2076 aut
443 2017 520 2074 intra
534 2013 641 2073 domos
665 2013 745 2092 [cum
762 2017 840 2075 sacili
859 2018 990 2094 periculo
1003 2021 1197 2092 osculorum,

187 2117 216 2166 et
229 2101 371 2180 tactuum)
383 2144 391 2171 ,
402 2110 453 2160 aut
465 2108 563 2158 contra
577 2109 733 2176 parentum
748 2111 925 2178 preceptum
935 2145 943 2172 ‚
954 2110 1006 2161 aut
1019 2103 1087 2163 ciam
1101 2105 1197 2166 altera

186 2209 253 2271 pars
271 2186 439 2268 prorumpit
458 2185 489 2243 in
505 2184 593 2243 verba
614 2185 769 2252 obscaena,
784 2194 835 2244 aut
854 2204 921 2244 cum
942 2187 1076 2246 scandalo
1090 2189 1198 2266 (prout

185 2276 209 2335 si
231 2275 262 2333 in
284 2270 440 2348 Ecclesia),
461 2276 514 2326 aut
534 2283 602 2328 eum
620 2267 799 2345 conjugatis,
820 2269 1042 2344 claustralibus,
1062 2275 1112 2331 a‘ut
1133 2274 1199 2333 ele-

185 2358 253 2419 ricis
268 2357 298 2415 in
318 2354 416 2414 sacris.
432 2355 467 2412 Et
481 2352 511 2410 in
525 2349 581 2410 hoc
594 2354 769 2428 generaliter
787 2352 1021 2425 advertendum,
1042 2355 1122 2431 qudd
1139 2357 1197 2417 ubi

185 2443 282 2519 agitur
304 2440 341 2498 de
363 2437 494 2517 periculo
516 2437 624 2514 peccati
644 2437 794 2506 formalis,
813 2446 844 2496 et
864 2439 991 2518 praecise,
1005 2439 1112 2516 peccati
1128 2452 1198 2501 tur·

185 2528 247 2604 pis,
269 2522 459 2584 confessarius
473 2519 583 2597 quantd
602 2522 694 2597 magis
713 2521 922 2597 rigoremcum
936 2524 1200 2600 poenitenteadhi·

185 2610 284 2678 babit,
309 2605 391 2666 tanto
419 2605 511 2681 uragis
535 2602 598 2680 ejus
622 2605 708 2662 saluti
731 2605 886 2681 proderit3
909 2604 1084 2676 eleuauit,
1109 2609 1198 2671 tantd

185 2694 278 2770 magis
297 2709 364 2748 carna
387 2689 438 2748 illo
460 2689 598 2747 immanis
620 2689 697 2759 erit,
723 2688 833 2766 quanto
857 2690 950 2765 magis
969 2690 1114 2766 benignus
1135 2694 1201 2753 crit

184 2778 215 2837 in
242 2773 459 2855 permittendo,
483 2782 517 2831 ut
540 2772 589 2829 ille
611 2772 642 2831 in
669 2773 819 2832 occasione
843 2775 979 2845 naaneat,
1004 2785 1056 2832 aut
1080 2793 1111 2834 se
1133 2777 1199 2835 im·

184 2863 294 2919 mittat.
308 2859 340 2917 S.
359 2855 485 2915 Thomas
503 2853 538 2914 de
564 2852 722 2915 Villuaooe
740 2857 929 2916 confessarios
950 2859 981 2915 in
1004 2857 1060 2918 hoe
1083 2862 1199 2921 conde·

184 2943 353 3003 scandentes
375 2946 479 3009 vocat,
498 2938 589 3018 impie
603 2937 682 3017 pios.
699 2941 766 2999 llaec
788 2939 913 2999 charitas
933 2950 976 3000 est
998 2952 1099 3001 conica
1121 2942 1200 3005 eha-

183 3030 312 3088 ritatem.
329 3024 429 3082 Solent
446 3024 476 3081 in
497 3021 543 3081 his
565 3022 678 3081 casibus
698 3025 873 3101 paenitentes
889 3026 1009 3095 conari,
1027 3035 1061 3084 ut
1080 3029 1228 3088 comesu

182 3112 251 3169 sarii
275 3105 519 3186 apprehendant,
540 3104 619 3182 qudd
636 3110 818 3168 occasionem
843 3109 1022 3168 removendo
1050 3117 1201 3185 magnum

183 3195 297 3254 orietur
314 3192 493 3251 scandalum.
505 3189 601 3250 Fortis
611 3192 649 3251 sit
665 3193 855 3252 confessarius
871 3193 906 3251 ad
920 3191 1089 3269 hujusmodi
1103 3196 1202 3255 timo·

182 3293 230 3336 rcs
249 3275 470 3353 despiciendos:
487 3275 582 3350 majus
599 3294 716 3353 semper
730 3278 788 3336 erit
797 3276 983 3353 scandalum,
999 3276 1099 3336 videre
1111 3278 1202 3354 qudd

182 3361 328 3438 poenitens
342 3378 396 3418 nec
410 3360 498 3418 etiam
514 3367 581 3436 post
592 3361 803 3419 consessionem
818 3361 998 3420 occasionem
1015 3361 1120 3420 aufert.
1131 3364 1202 3424 Aut

182 3445 231 3502 ulii
252 3443 314 3518 ejus
334 3453 483 3520 peceatum
505 3444 664 3520 ignorant,
683 3453 713 3501 et
730 3453 801 3501 tunc
818 3443 894 3504 nihil
913 3444 987 3518 mali
1000 3444 1201 3520 suspicabun·
1221 3453 1228 3464 ’

181 3536 253 3586 tur:
270 3536 321 3585 aut
339 3530 456 3598 sciunt,
477 3537 507 3586 et
528 3537 599 3587 tunc
621 3528 768 3605 poenitens
789 3528 897 3586 famam
917 3526 1016 3606 potius
1035 3533 1204 3605 reeupera-

180 3608 245 3682 bia,
262 3608 351 3688 qcabm
368 3610 484 3673 amittat
497 3653 505 3684 ,
520 3612 702 3674 remorando
723 3612 917 3676 occasionem.
