2642 4167
428 211 494 272 Art.
510 212 540 274 5.
561 208 845 294 deordinr'husmej.
1087 215 1144 280 751

137 319 201 376 art.
219 314 250 375 2.
270 310 359 374 solut.
375 314 407 373 1.
419 311 469 373 aa.
485 314 515 373 2.
529 313 615 372 Juxta
641 312 733 387 igitur
748 315 789 373 D.
812 310 866 374 Th.
881 313 1011 393 evagatio
1031 313 1145 387 interna

137 416 197 457 non
211 399 333 458 estsine
355 398 441 475 eulpa
457 440 466 469 ,
488 397 598 456 scilieet
612 396 739 467 veniali,
754 405 875 456 externa
892 398 990 458 nutem
1009 415 1068 459 non
1081 401 1145 459 sine

137 482 254 541 mortali
269 503 279 557 3
292 485 322 541 ct
338 483 380 541 sie
389 481 421 540 id
438 482 575 560 inteiligit
589 481 669 540 idem
683 482 715 542 S.
728 481 919 554 Antoninus,
931 482 1050 542 diceus:
1064 481 1145 543 Unde

138 566 170 623 Sa
190 564 318 625 Thoosae
337 564 410 625 decit
426 564 483 639 itt,
497 562 575 645 qudd
587 563 620 625 iu
633 563 783 637 oratioue,
804 565 833 625 si
854 564 887 625 ιἰι
908 562 978 626 aliia
998 567 1099 647 sponte
1115 582 1146 626 ae

138 646 205 726 quis
217 657 339 728 occupet
357 650 392 708 in·
407 647 454 709 tis
464 667 531 728 quar
545 658 669 709 mentem
682 641 868 724 distrahunt,
885 649 961 711 sicut
971 658 1042 711 suut
1054 666 1146 728 opera

25 753 28 760 ⁴
139 730 304 802 exteriore,
325 730 416 791 etiam
437 728 525 810 culpa
542 729 678 794 mortalis
700 731 766 792 crit.
781 734 855 793 Loco
869 733 921 793 cit.
943 735 1026 792 Ratio
1047 743 1144 793 autem

139 815 168 873 1.
190 813 278 890 hujus
295 817 450 876 sententiae
474 827 541 887 est,
567 818 655 894 quia,
681 818 705 877 si
728 820 852 878 attentio
881 819 997 876 interna
1017 825 1091 877 esset
1108 817 1146 879 de

137 902 260 958 essentia
281 902 441 971 orationis,
455 902 625 960 ministrans
644 903 811 960 Extremam
826 903 1000 962 Unctiouern
1020 902 1084 961 sine
1101 909 1146 963 et·

136 984 268 1042 tentione
282 984 415 1055 interna,
429 984 557 1045 invalide
568 986 750 1044 ministraret
766 1029 773 1054 ,
794 985 860 1046 curn
881 986 976 1045 scruta
995 983 1083 1062 hujus
1098 997 1146 1045 sa'·

136 1070 278 1126 crementi
300 1070 338 1127 sit
361 1070 579 1146 deprecatoria,
597 1066 753 1150 Iudsdpeut
769 1068 823 1130 atti
836 1072 936 1144 Deus,
958 1076 1011 1129 ete.
1035 1087 1071 1128 ex
1093 1069 1145 1129 illo

136 1151 170 1210 S.
185 1150 292 1212 decedi
303 1175 314 1213 .·
336 1154 426 1213 Oreut
448 1172 537 1234 super
550 1172 638 1225 euin,
662 1161 824 1233 unpeutee,
848 1161 901 1214 eto.
923 1172 948 1213 o.
973 1155 1002 1213 5.
1024 1155 1071 1213 tt.
1087 1152 1144 1215 sad

134 1238 167 1299 id
191 1255 249 1298 non
272 1249 368 1317 potest
389 1239 470 1306 dici,
492 1238 561 1299 cum
585 1246 699 1300 constet
713 1257 748 1300 en
767 1241 938 1300 Florentino
956 1239 993 1300 ad
1013 1241 1144 1302 valorem

134 1328 309 1385 mmamenti
334 1326 389 1385 tria
413 1324 528 1385 tantiam
551 1325 685 1403 requiri,
703 1336 732 1386 et
751 1324 885 1385 sufficere
900 1323 1029 1402 ,nempe
1051 1333 1145 1384 matc-

136 1406 238 1478 rtem,
257 1408 383 1468 turmam
393 1451 406 1485 ,
419 1427 469 1468 seu
486 1410 576 1468 rerba
596 1408 613 1470 h
632 1410 769 1471 ministro
785 1411 919 1487 prolata,
940 1418 970 1469 et
1002 1408 1144 1468 intentio-

133 1495 207 1551 nem
234 1492 326 1568 ipsius
351 1493 475 1553 faciendi
502 1494 582 1570 quod
606 1495 675 1554 iacit
699 1495 836 1556 Ecelesia.
867 1493 952 1552 Ratio
973 1495 1002 1553 2.
1027 1493 1095 1568 quia
1117 1491 1143 1553 si

131 1576 257 1634 attentio
276 1578 390 1635 interna
405 1578 442 1636 de
453 1581 575 1637 essentia
595 1580 737 1640 orationis
753 1579 947 1648 esset,etia1u
967 1577 991 1635 is
1008 1577 1058 1651 qui
1075 1591 1144 1635 cum

132 1657 330 1719 insohentaria
345 1661 533 1734 distractione
552 1662 640 1722 horas
660 1663 863 1739 persolueret,
887 1677 941 1719 nec
960 1660 1048 1718 etiarn
1061 1659 1147 1719 satis⁴

130 1740 251 1803 smeret.
268 1747 392 1824 Propter
411 1746 463 1805 has
483 1749 610 1808 rationes
624 1744 750 1806 minime
766 1742 993 1804 contemnendas
1007 1741 1145 1810 ,videtur

60 1859 64 1864 ·
131 1822 195 1886 lieo
212 1829 339 1888 secunda
351 1832 496 1891 sententia
513 1849 574 1890 non
588 1843 672 1908 posse
693 1829 750 1889 dici
770 1827 982 1904 improbabilis.
998 1821 1144 1886 Caeterum

132 1916 313 1974 conveniunt
334 1934 462 1987 omnes,
491 1916 599 1994 quod,
623 1924 656 1975 ut
677 1915 793 1974 dicatur
825 1914 890 1991 quis
913 1931 973 1988 non
992 1912 1141 1989 implere,

130 2005 269 2073 oportet,
289 2007 322 2058 ut
341 2019 400 2060 uon
421 1999 517 2061 schim
536 2002 669 2061 advertat
687 1993 932 2071 distractionem,
952 1996 1004 2056 sed
1024 1995 1139 2065 adhuc,

129 2083 167 2139 ut
180 2079 274 2158 piene
284 2086 417 2146 advertat
430 2105 461 2146 se
471 2086 593 2146 distrahi
612 2087 648 2145 ab
662 2086 758 2146 officio
768 2106 775 2143 :
787 2082 877 2152 alias,
892 2078 963 2152 licet
975 2078 1141 2142 voluntarie

129 2181 163 2223 se
176 2166 340 2239 distrahat,
355 2189 415 2230 non
429 2180 529 2231 tamen
542 2168 710 2230 voluntarie
729 2187 759 2228 se
775 2165 913 2228 distrahit
927 2165 943 2226 h
956 2167 1138 2227 recitatione.

129 2248 323 2328 Scrupulosus
339 2264 439 2314 autem
461 2264 582 2333 propter
608 2254 818 2314 distractiones
834 2269 988 2330 utinquam
1021 2259 1140 2309 tenetur

129 2344 276 2411 repetere.
298 2339 341 2397 lta
354 2341 442 2400 Suar.
458 2341 518 2398 Sot.
537 2342 616 2399 Nou.
634 2337 725 2420 cajet.
740 2339 827 2400 Cone.
839 2334 928 2397 etalii
937 2332 1139 2395 comittuntur.

101 2421 104 2426 ’
134 2411 207 2479 Vide
220 2416 270 2481 tib.
284 2423 312 2481 5.
325 2442 357 2484 n.
373 2424 440 2484 177.
455 2442 483 2483 υ.
500 2424 653 2484 Caeterum.

168 2506 220 2563 75.
234 2540 273 2548 -
286 2507 434 2579 Quaeritur
445 2510 496 2567 tv.
508 2509 649 2582 Quaenam
664 2525 758 2567 causae
777 2511 915 2565 excusam
930 2502 947 2563 h
968 2503 1141 2562 recitatione

81 2637 83 2640 .
128 2583 240 2649 officii?
253 2593 376 2652 Excusat
392 2596 415 2653 1.
427 2594 592 2670 Infirmitas
602 2593 699 2670 gravis
711 2634 719 2659 ,
730 2592 790 2649 sive
801 2606 892 2666 grave
905 2583 1139 2645 incommodum.

127 2675 277 2736 laborans
300 2687 398 2737 autem
421 2678 545 2737 tertiana
570 2678 617 2735 rel
635 2673 778 2751 quartana
811 2680 927 2730 tenetur
947 2670 1090 2735 recitare,
1110 2674 1141 2727 et

126 2762 220 2821 etiam
233 2763 412 2840 anticipare,
427 2764 451 2821 si
465 2760 619 2821 commode
629 2753 735 2836 potest.
747 2759 812 2816 Non
822 2761 940 2814 tenetur
954 2760 1050 2810 tamen
1063 2751 1140 2812 auti·

125 2844 226 2923 cipere
247 2847 426 2905 nataticum
445 2846 477 2904 in
494 2846 544 2904 die
564 2837 739 2921 precedenti
754 2884 762 2911 ,
777 2839 877 2899 nutius
899 2836 980 2895 enim
993 2834 1139 2910 obligatur

124 2947 181 2991 suo
198 2932 354 3009 priviicgio
378 2930 434 2990 uti.
458 2931 489 2989 Si
509 2930 578 3007 quis
592 2926 747 2988 commode
769 2934 882 3003 potest,
902 2929 1019 2981 tenetur
1043 2919 1140 2978 dicere

124 3014 258 3075 officium
275 3033 343 3074 cum
363 3014 452 3075 socio.
469 3017 503 3072 ln
517 3013 607 3072 dubio
624 3030 662 3071 an
680 3011 718 3072 oh
733 3011 936 3071 recitationem
950 3005 1078 3083 graviter
1089 3004 1140 3062 le·

124 3101 225 3172 daris,
238 3117 301 3160 non
318 3097 541 3176 teneris3see1is
561 3099 594 3158 in
614 3097 706 3157 dubio
723 3114 760 3155 an
780 3094 943 3162 excuseris,
958 3090 1014 3149 nisi
1034 3088 1140 3149 habeas

123 3184 313 3264 prohabilem
333 3184 479 3244 rationem
492 3204 502 3259 3
517 3181 568 3241 sed
588 3180 695 3241 melitis
712 3189 756 3240 est
774 3188 846 3240 tunc
857 3186 891 3236 ut
902 3175 1034 3235 remittas
1045 3170 1140 3231 medi·

122 3271 162 3329 eo
174 3313 183 3340 ,
197 3279 251 3329 aut
269 3269 440 3347 superiori,
457 3268 505 3327 rei
521 3268 624 3327 saitem
644 3267 709 3326 vire
731 3262 880 3347 prudenti.
895 3258 1019 3334 Quando
1040 3266 1159 3320 auteme

120 3363 213 3431 urget
230 3354 373 3425 morbus,
391 3353 417 3412 si
437 3352 543 3431 nequis
563 3352 687 3412 recitare
701 3357 884 3418 tetum,ueo
902 3341 1011 3404 teneris
1023 3340 1059 3401 ad
1071 3357 1140 3417 par-

120 3439 186 3497 tein
202 3438 273 3516 quia
292 3437 365 3498 alias
383 3453 488 3515 magna
509 3443 674 3514 superesset
694 3435 748 3494 tihi
764 3431 933 3508 scrupulosa
946 3426 1090 3497 anxietas,
1101 3442 1138 3485 an

119 3529 251 3601 pergere
274 3522 386 3601 possis,
405 3522 454 3581 vel
469 3538 508 3582 ne
518 3564 526 3593 ,
538 3522 571 3580 in
588 3519 712 3597 reliquis
731 3514 905 3591 recitandis3
918 3515 959 3574 ita
975 3511 1139 3606 valdenpro·

119 3608 265 3669 habiliter
279 3610 371 3669 suar.
387 3607 468 3668 Neo.
483 3604 593 3668 Sauch.
606 3607 682 3685 hup.
695 3600 819 3663 cardea.
838 3602 930 3670 douc.
948 3605 1001 3658 eto.
1015 3594 1092 3675 (Lab.
1107 3593 1136 3656 5.

928 3684 979 3745 50.
