2642 4167
431 163 460 245 ς.
474 162 615 248 ilfflirru
628 161 733 226 medici
745 159 884 243 officiam.
1122 171 1154 229 tt

187 267 236 330 tr.
250 264 379 330 Dcmdm
392 263 626 326 incumbendum
649 273 694 323 est
707 263 905 342 confessario,
921 271 954 325 ut
976 266 1105 346 applicet
1123 286 1157 329 eo

148 352 297 423 remedio,
312 370 379 430 que
399 349 612 429 opportuniora
627 346 773 425 judicabit
792 367 847 427 pro
866 349 961 411 salute
973 351 1154 430 paenitentis,
1184 377 1189 410 ,ι

147 433 329 513 imponendo
348 435 376 494 ei
401 451 449 493 eas
472 432 682 492 satisfactiones
702 450 768 510 quse
787 433 881 511 magis
900 434 1076 496 convenient
1093 436 1156 514 ejus

146 518 273 589 morbo,
294 524 325 578 et
340 536 388 578 eas
402 534 475 595 quas
487 516 651 595 prudenter
669 515 814 593 judicabit
826 516 914 577 iilum
936 519 1000 578 iore
1017 530 1155 582 executu-

146 620 227 662 rum.
240 602 421 664 Advertatur
435 597 515 668 hoe,
534 598 614 677 qudd
632 598 701 660 licet
720 600 930 662 satisfactiones
946 601 1073 663 debeam
1094 623 1155 666 res-

145 686 277 766 pondere
289 688 384 766 culpae
396 686 481 763 juxta
500 685 710 746 Tridentinum
731 685 817 763 (Sese.
831 686 879 746 ii.
892 705 917 746 a.
934 687 990 766 8.),
1009 687 1089 765 quod
1104 690 1155 751 de·

146 771 236 830 clarat
248 773 407 850 participes
420 770 584 830 alienorum
597 779 805 847 peecatorum,
819 787 869 829 eos
881 772 1069 832 mntessarios
1080 816 1089 844 ,
1102 775 1158 855 qai

145 851 294 916 leuissima
315 853 451 934 qondam
475 870 564 933 opera
578 870 634 933 pro
650 851 836 933 pravissimis
851 850 963 916 delictis
973 854 1156 937 injungunt,-

145 936 343 999 uihilomimis
353 937 441 1015 justis
451 938 488 998 de
503 938 597 996 causis
610 945 705 1015 potest
716 937 906 997 confessarius
919 940 1055 999 minuere
1066 943 1157 1017 preni-

145 1024 267 1095 tentias,
286 1025 311 1083 si
325 1041 433 1101 nempe
446 1022 594 1100 poenitens
613 1022 839 1099 compunctione
850 1021 1017 1085 vehementi
1035 1024 1156 1086 affectus

143 1105 201 1177 sit,
214 1116 266 1167 aut
280 1109 303 1166 si
315 1106 450 1184 jubilaei,
463 1114 513 1164 aut
528 1103 720 1184 indulgentiae
733 1105 1014 1182 plenarioeeurreret
1025 1117 1155 1188 tempus,

144 1196 175 1250 et
192 1192 356 1267 prasertim
367 1191 391 1249 si
403 1188 577 1249 infirmitate
592 1188 706 1266 aliqud,
723 1190 784 1249 sive
793 1190 925 1268 corporis
937 1235 946 1263 ,
960 1191 1022 1252 sive
1035 1193 1155 1265 anime,

144 1274 268 1338 laboret.
290 1278 327 1336 Et
354 1276 484 1353 denique
516 1273 568 1349 (ut
592 1276 693 1352 paucis
720 1292 769 1334 me
790 1274 962 1354 expediam)
986 1284 1156 1355 temperet

145 1359 263 1437 quando
280 1360 410 1437 prudens
432 1360 522 1417 timor
534 1360 669 1418 exoritur
684 1402 693 1426 ,
709 1356 789 1435 qudd
804 1358 866 1435 ipse
876 1361 1155 1437 correspondentem

144 1442 237 1522 culpa
260 1444 487 1505 satisfactionem
503 1460 563 1501 non
590 1442 628 1501 sit
647 1442 872 1520 adimpleturus.
894 1444 937 1503 lta
957 1445 1157 1506 communiter

143 1526 397 1590 doceutdoetores
409 1544 477 1586 cum
489 1527 521 1585 S.
541 1524 595 1587 Tic.
610 1522 673 1604 (lib.
689 1529 719 1586 d.
734 1544 765 1586 n.
780 1525 872 1605 509.).
887 1528 954 1588 Non
970 1545 1111 1606 negamus
1122 1530 1155 1590 in

143 1611 321 1672 Tridentino
336 1612 422 1690 (Sese.
435 1612 483 1670 tt.
497 1629 523 1669 e.
544 1610 587 1688 8.)
602 1609 726 1680 haberi,
748 1609 943 1688 injungendus
961 1628 1024 1669 esse
1043 1612 1157 1672 satisfa-

143 1695 255 1758 ctiones
274 1714 329 1775 pro
345 1696 433 1755 modo
454 1696 547 1773 culpae
561 1716 570 1769 3
585 1696 635 1756 sed
655 1696 764 1755 scimus
786 1696 876 1753 etiam
890 1694 1001 1754 ibidem
1015 1693 1153 1776 subjungi

144 1796 191 1840 ees
204 1780 314 1844 dehere
331 1798 395 1839 esse
411 1798 466 1859 pro
479 1778 684 1859 paenitentiam
696 1775 840 1860 facultate
850 1773 998 1840 salutares
1007 1824 1018 1855 ‚
1038 1787 1068 1840 et
1085 1797 1155 1843 roa·

143 1865 301 1936 venientes.
318 1862 492 1937 Salutares,
504 1862 648 1926 nimirdm
670 1864 757 1923 saluti
772 1864 980 1942 penitentium
995 1866 1103 1927 utiles:
1124 1876 1155 1930 et

144 1947 368 2020 maronicum,
392 1948 653 2025 correspondentes
681 1965 810 2026 nempe,
838 1967 900 2009 non
917 1947 1016 2010 soliun
1035 1953 1152 2031 eulpa,

143 2032 195 2094 sed
219 2034 309 2095 etiam
334 2032 449 2092 uiribus
467 2031 648 2109 poenitentis.
669 2032 753 2091 Unde
774 2031 808 2091 fit
835 2051 895 2092 non
915 2051 976 2093 esse
994 2035 1152 2109 salutares,

143 2133 200 2180 nee
224 2118 434 2190 convenientes
465 2134 533 2185 eos,
562 2116 671 2193 quibus
701 2116 779 2180 vires
808 2117 998 2194 paenitentis,
1025 2122 1152 2198 spectata

142 2199 266 2278 spir-iuis
285 2201 456 2279 debilitate,
481 2219 543 2261 non
567 2209 637 2260 sunt
662 2218 770 2277 pures3
791 2208 862 2260 tuno
891 2202 971 2261 enim
994 2201 1037 2262 illi
1056 2214 1153 2265 essent

143 2301 294 2345 venenum
317 2284 438 2363 potius,
457 2285 546 2363 quim
575 2286 753 2345 remedium.
772 2287 807 2344 Et
829 2285 860 2345 in
882 2283 939 2345 hoc
969 2298 1152 2349 sacramento

141 2368 243 2446 potitis
252 2371 492 2432 intenditunvitae
504 2370 666 2431 moderatio
678 2413 686 2440 ‚
697 2370 786 2449 qa'anr
795 2370 965 2431 omnimoda
978 2373 1151 2450 satisfacti03

142 2453 286 2534 idemque
312 2455 428 2516 Rituale
449 2457 535 2516 Rom.
555 2456 611 2534 (De
632 2456 715 2515 Scor.
734 2454 857 2533 Poenit.)
878 2455 920 2515 ait
941 2454 958 2515 d
975 2458 1151 2522 confessario

142 2537 310 2602 masadam
323 2557 385 2612 esse
401 2540 569 2618 paenitentis
583 2542 740 2601 rationem.
756 2542 788 2599 S.
808 2537 934 2600 Thomas
948 2538 1109 2621 (Sapptem.
1118 2561 1150 2623 p.

142 2623 195 2686 te.
210 2632 270 2690 ert.
285 2622 329 2701 4.)
340 2624 412 2686 dicit
425 2645 433 2683 r
448 2623 532 2685 Sieat
549 2627 616 2704 crpd
629 2623 807 2684 eradicas...
832 2641 893 2682 reon
904 2621 958 2683 dat
975 2623 1152 2686 medicinam

140 2706 189 2770 ito
207 2704 368 2788 efficacem,
381 2716 416 2768 ut
433 2716 553 2788 propter
573 2703 753 2767 debilitatem
774 2712 892 2763 naturae
916 2703 1017 2784 majas
1034 2707 1151 2787 perira-

139 2787 205 2851 tuen
216 2793 355 2867 arietum·
368 2790 412 2852 ito
424 2791 558 2852 sacerdos
573 2786 676 2859 divino
693 2785 837 2852 instituta
851 2793 948 2850 motas
965 2806 1027 2852 non
1039 2807 1151 2872 semper

138 2882 380 2956 intemperatam,
393 2895 460 2955 aare
470 2871 917 2959 unipeecetodedetar·,junpit‚
927 2893 963 2936 ne
973 2873 1149 2953 infirmus...

136 2957 292 3040 desperet,
312 2967 341 3019 et
351 2963 371 3020 d
382 2959 560 3040 poenitentia
583 2955 713 3019 totaliter
723 2960 844 3020 recedat.
856 2960 893 3018 Et
914 2960 985 3020 alibi
998 2959 1148 3040 (Quoatia.

137 3045 170 3106 5.
184 3051 243 3104 art.
258 3044 322 3120 28.)
335 3068 346 3106 .·
358 3044 441 3105 Sicut
453 3043 577 3122 enipeus
601 3042 680 3123 ipnie
693 3043 893 3124 eatirrpat'tar,
915 3047 944 3105 si
959 3042 1055 3106 matta
1067 3041 1149 3125 layna

19 3127 20 3136 ’
136 3126 446 3210 ωραήωρρηαητυνς
468 3128 513 3188 ita
533 3126 661 3189 accidere
680 3137 790 3210 potest,
807 3135 841 3187 at
853 3146 966 3209 paraus
980 3128 1150 3208 precedentis

19 3253 21 3270 .
136 3212 459 3292 contriticnieaffeetur
469 3212 596 3293 peredere
603 3212 781 3293 poeniteutiae
790 3209 918 3293 deficiat.
933 3216 969 3272 Et
978 3212 1145 3293 subjungit:

137 3292 250 3358 didiae
262 3305 307 3360 est
327 3306 363 3357 ut
382 3297 513 3360 sacerdos
533 3296 686 3378 poenitenti
708 3295 815 3357 indicet
839 3303 954 3379 quantu
975 3296 1150 3378 pendentia

136 3387 212 3441 erret
223 3379 425 3462 injnapenda,
440 3389 469 3441 et
480 3382 621 3464 injanput
631 3379 826 3443 niiiiome'mis
835 3379 914 3462 qaod
925 3382 1068 3460 penitens
1080 3381 1148 3445 tole·

136 3459 274 3526 rabiliter
284 3462 375 3545 [crat.
387 3469 425 3527 Et
435 3467 506 3527 aiibi
518 3468 637 3548 (Opusc.
649 3468 699 3527 di.
713 3465 739 3545 S.
751 3464 793 3541 t.)
805 3488 816 3525 .·
830 3465 935 3527 Tatius
949 3475 991 3528 est
1002 3470 1149 3549 imponere

135 3548 281 3612 cainonem
307 3549 425 3625 craia,
451 3552 540 3633 quidm
565 3550 728 3634 majprcm,
752 3551 825 3631 qaia
844 3545 948 3613 melicis
971 3568 1147 3615 excusamur
1175 3593 1178 3598 »
