2642 4167
186 174 243 237 tta
477 171 589 236 Proseis
602 169 786 254 confessarii.
804 172 879 254 Cap.
893 171 924 231 9.

184 272 539 357 piendompratendunt‚
562 281 722 355 antequam
739 272 774 334 de
790 270 903 334 delictis
914 272 978 335 suis
996 274 1200 353 poenitentiam

186 360 309 442 eperint.
323 355 359 421 El
367 362 529 441 propositio
548 360 597 420 25.
612 357 758 421 Similiter
778 357 899 419 arcendi
909 361 1011 435 suretd
1026 379 1112 422 sorra
1125 382 1199 424 corrr-

184 443 326 504 munione
347 443 454 523 quibus
485 441 619 505 randum
649 442 726 503 inest
750 458 834 503 omar
859 443 918 504 Dei
942 445 1141 526 purissimus,
1168 455 1200 509 et

184 526 280 588 omreis
299 527 454 589 mixtionis
469 545 581 609 expers.
597 528 720 588 Sacrum
736 526 899 588 Concilium
919 529 1127 591 Tridentinum
1142 551 1197 593 ro·

184 613 268 672 cubat
282 612 339 674 hoc
361 621 576 674 sacramentum
598 607 797 673 :Antidotum
809 628 867 692 quo
884 610 1046 674 liberamur
1063 616 1083 674 d
1101 613 1197 700 culpis

184 696 367 776 quotidianis
382 741 392 770 ,
406 705 435 759 et
455 700 475 758 d
495 695 622 778 pcccatis
637 694 813 756 mortalibus
830 693 1056 776 praseroamur.
1077 702 1114 760 Et
1130 704 1197 781 qui·

183 780 251 842 dem
264 781 299 841 ad
313 781 392 843 hune
405 782 496 843 finem
510 781 706 860 praeservandi
724 782 852 840 animam
866 779 1048 856 brceidiris,
1063 786 1195 865 Apostoli

184 869 425 928 commonionem
453 867 656 945 quotidianam
678 864 837 944 primitivis
868 863 1033 927 christianis
1053 871 1195 931 concede·

183 950 281 1024 bant,
310 950 388 1013 inter
416 970 489 1031 quos
513 951 578 1022 sine
607 951 668 1011 ullo
692 949 783 1009 dubio
805 949 1032 1028 reperiebantur
1054 951 1195 1016 similiter

183 1035 369 1114 imperfecti,
381 1047 411 1097 ct
433 1035 555 1097 fortassis
582 1035 836 1116 imperfectiores,
856 1045 890 1095 ut
910 1038 1046 1114 arguitur
1067 1056 1103 1099 cx
1127 1042 1184 1120 Epi
1191 1069 1197 1089 ι

182 1119 265 1179 stolis
275 1122 328 1181 SS.
353 1116 466 1192 Pauli,
481 1116 636 1180 etlacobi.
658 1121 689 1179 S.
710 1118 834 1179 Ecclesia
852 1117 895 1198 (in
918 1124 1195 1197 postcommunione

183 1203 271 1264 Dom.
290 1204 395 1265 xxtu.
410 1214 477 1285 post
495 1203 700 1281 Pentecosten)
722 1212 811 1274 orat,
833 1212 867 1262 ut
886 1203 1032 1286 quidquid
1043 1208 1075 1265 in
1090 1213 1195 1268 nostro

181 1296 276 1349 mente
289 1285 426 1351 uitiosum
446 1296 507 1360 est,
528 1287 605 1349 dorm
628 1285 832 1348 medicationis
848 1286 939 1368 brejus
952 1293 1130 1352 sacrauienti
1142 1311 1195 1353 cu·

182 1378 274 1434 retur.
297 1370 561 1451 Ergocommunio
580 1373 635 1433 luit
651 1371 785 1432 instituto
802 1371 891 1432 etiam
910 1391 965 1450 pro
988 1373 1191 1453 imperfectis.

182 1465 216 1519 ut
238 1459 350 1519 virtute
376 1452 465 1534 hujus
490 1457 547 1517 cibi
577 1466 729 1517 sanentur.
753 1456 922 1516 Notandum
951 1456 1070 1536 insuper
1087 1469 1134 1519 cst
1160 1460 1193 1520 id

181 1541 261 1621 quod
283 1545 316 1604 S.
333 1545 508 1605 Franciscus
534 1539 664 1603 Salesius
687 1543 718 1601 in
749 1559 802 1600 sua
824 1539 974 1600 Philotbca
991 1541 1075 1620 (Vite
1090 1542 1194 1605 dinato

142 1636 146 1642 ‘
181 1645 207 1687 e.
228 1627 291 1705 bl.)
313 1628 344 1688 in
368 1626 423 1689 boo
442 1628 595 1708 proposito
615 1622 688 1687 dicit
712 1647 720 1685 ε
748 1623 785 1686 Si
798 1633 938 1706 quarunt
959 1627 979 1685 d
1003 1634 1028 1687 te
1053 1645 1105 1686 cur
1129 1636 1193 1691 tom

180 1711 349 1793 [requenter
375 1712 589 1785 eommunices,
609 1709 750 1792 responde
772 1707 855 1781 illis,
878 1708 958 1790 quod
986 1707 1094 1790 duplex
1120 1732 1190 1807 per·

179 1815 321 1860 mnarum
335 1815 428 1878 penus
439 1795 540 1858 debeat
550 1795 658 1876 sapitis
674 1794 907 1872 communicare,
921 1792 1046 1875 perfecti
1059 1793 1187 1869 scilieet,

178 1889 208 1943 et
221 1880 404 1962 imperfecti,-
414 1878 553 1962 perfeeti,
568 1889 604 1941 ut
621 1898 651 1941 se
671 1880 705 1941 in
723 1878 899 1961 perfectione
920 1886 1111 1958 conseruent3
1133 1879 1190 1942 im·

176 1965 299 2046 perfecti
306 2008 315 2036 ,
337 1972 374 2025 ut
398 1964 438 2026 ad
455 1963 662 2045 perfectionem
686 1963 806 2025 caleant
826 1962 988 2044 peruenire.
1008 1965 1128 2038 Fortes,
1151 1984 1190 2027 ne

126 2056 133 2066 “
177 2046 282 2127 debiles
298 2047 399 2128 siant,
416 2044 541 2127 debiles,
559 2057 594 2110 ut
608 2049 699 2131 fortes
716 2046 861 2125 eoodant3
877 2046 1013 2128 infirmi,
1026 2055 1062 2108 ut
1080 2066 1189 2112 curen-

115 2168 118 2173 ·
179 2142 249 2206 tur,
264 2133 333 2197 bene
350 2131 499 2209 ualentes,
525 2153 562 2196 ne
582 2135 783 2216 infirmentur.
804 2138 848 2195 Et
865 2132 944 2214 quod
962 2132 1002 2195 od
1025 2143 1051 2195 te
1080 2135 1190 2200 attinet

177 2221 277 2300 utpotb
293 2220 516 2302 imperfectam,
538 2219 692 2301 infirmam
718 2238 752 2281 oc
781 2217 924 2296 debilem,
946 2238 1010 2302 epes
1036 2219 1190 2302 [repetenti

176 2305 390 2366 communione.
404 2304 461 2366 Dia
481 2303 561 2382 illis,
583 2304 663 2385 quod
682 2305 724 2382 ii,
738 2305 793 2386 qui
809 2303 971 2365 mcrrrdanis
988 2305 1113 2385 nepotiis
1125 2326 1187 2370 nan

176 2396 248 2449 sunt
274 2386 421 2469 implicati
431 2432 440 2462 ‚
456 2389 580 2452 debeant
599 2387 709 2472 captos
728 2388 958 2459 comnmnirnm,
981 2389 1055 2469 quia
1077 2387 1188 2453 liabent

175 2473 445 2554 opportunitatum
456 2473 510 2557 qui
522 2477 589 2537 oerd
599 2473 770 2557 hujusmodi
781 2472 904 2556 nepotiis
915 2472 1099 2547 detinentur,
1112 2476 1186 2557 puio
1274 2486 1281 2525 *f

175 2565 260 2640 epam
286 2556 498 2621 canimunione.
529 2562 665 2640 Denique
688 2561 810 2620 Sanctus
847 2558 1021 2630 concludit,
1047 2559 1182 2622 dicensi
1278 2564 1279 2571 ’

175 2640 419 2722 laederemus,
436 2645 453 2705 b
469 2641 647 2717 Pbilotbea‚
671 2641 711 2704 ad
736 2641 984 2715 Euchariston,
1008 2639 1070 2703 inab
1092 2646 1184 2723 qudm

174 2725 334 2808 saepissime
344 2725 464 2789 consilio
481 2730 527 2791 tui
535 2728 706 2803 diremerit,
725 2737 755 2790 et
769 2725 849 2790 erede
860 2725 954 2802 mibi,
976 2726 1056 2806 qnbd
1073 2722 1184 2810 lepores

174 2810 208 2871 in
228 2808 338 2871 nostris
363 2812 511 2875 urentibus
530 2811 594 2875 albi
615 2811 745 2874 condant
774 2831 836 2874 non
859 2808 924 2871 olid
948 2810 1092 2885 ratione,
1121 2810 1185 2873 nisi

175 2891 249 3039 puio
267 2912 328 2955 reon
346 2893 438 2955 edunt
451 2899 513 2958 nisi
532 2897 628 2957 niuem
643 2919 655 2957 .·
672 2904 699 2956 et
720 2905 753 2958 tu
778 2893 948 2959 cornedendo
965 2901 1130 2975 puritatem
1148 2893 1183 2957 in

196 2996 228 3039 oe
245 2973 426 3040 canonicato
446 2987 507 3041 toto
522 2999 602 3060 pura
627 2978 741 3043 euodes
763 2982 838 3043 item
865 2983 903 3042 P.
928 2981 1066 3040 Granuta
1082 2979 1182 3041 tnsuo

177 3067 300 3124 tractato
316 3062 354 3123 de
375 3066 582 3126 communione
599 3065 640 3126 oit
666 3086 675 3125 a
699 3068 770 3126 Non
789 3061 869 3127 debet
890 3062 976 3126 bonno
1000 3060 1128 3124 recedere
1143 3059 1181 3124 ob
1213 3088 1215 3092 ³

105 3224 107 3229 ,
174 3147 227 3209 boe
247 3155 429 3210 sacramento
446 3146 482 3212 ab
497 3149 655 3231 proprium
679 3148 887 3232 indipnitotem
900 3172 912 3227 ,·
927 3166 983 3228 pro
999 3145 1181 3228 pauperibus

174 3233 252 3297 enim
271 3232 389 3297 relictus
404 3241 447 3296 est
469 3233 516 3296 leia
534 3235 689 3296 thesaurus
706 3278 716 3307 ‚
732 3244 761 3297 et
781 3255 836 3316 pro
861 3231 990 3314 infirmis
1009 3232 1071 3295 tac
1087 3230 1180 3293 neat·

173 3321 241 3381 aino
252 3341 264 3379 .·
275 3318 375 3400 itaque
389 3336 473 3381 nemo
483 3317 604 3399 (subdit)
624 3319 771 3400 quantum
791 3317 993 3400 imperfectum
1009 3334 1039 3376 se
1055 3321 1178 3385 noscat,

174 3402 255 3465 debet
266 3421 295 3464 se
310 3401 394 3486 lonpl
409 3403 446 3468 ob
460 3404 513 3467 boe
524 3402 648 3466 remedio
663 3407 756 3465 tenne
764 3449 774 3481 ,
788 3402 817 3465 si
828 3404 893 3464 oerl
905 3399 1007 3463 curari
1020 3396 1176 3460 desiderat.

174 3486 259 3559 tmb‚
280 3491 321 3549 cit
333 3490 419 3556 ‚idem
439 3499 564 3563 auctor,
581 3489 660 3570 qubd
678 3487 789 3569 quontb
811 3490 904 3567 magis
916 3486 981 3566 quis
1001 3501 1032 3545 se
1048 3483 1177 3546 debilem

176 3571 290 3643 noscit,
304 3570 385 3635 tootb
405 3575 498 3654 magis
515 3572 643 3638 adhunc
657 3575 757 3637 cibum
774 3573 898 3639 tortium
915 3570 1003 3634 debet
1017 3568 1173 3632 coemere:
