2642 4167
374 206 377 213 ’
410 210 773 296 Eruperibusdcuuiicti
787 217 877 278 XIV.
1088 220 1146 280 28¹)
1187 266 1194 279 .

143 337 214 402 pore
226 315 476 397 quadragesim,
492 326 525 378 et
539 317 702 388 adventius,
724 326 755 377 et
769 317 800 378 in
813 317 894 378 sestis
907 318 1143 379 solemnioribus.

144 409 185 466 lta
201 422 237 463 ex
249 402 366 463 decreto
380 404 411 461 S.
424 403 568 480 congreg.
583 400 659 460 lbid.
674 418 706 460 n.
720 402 769 465 st.
820 422 823 426 ·

180 489 238 548 Pro
253 486 423 546 absentibus
443 483 608 556 habentur,
622 485 675 562 qui
697 485 803 546 absunt
815 486 854 547 ab
874 487 1006 547 Ecclesiae
1023 488 1144 548 servitio

144 582 187 635 tot
208 572 340 642 vicibus,
363 580 397 630 ut
413 569 582 650 praescripta
599 570 747 647 quantitas
763 571 855 630 trium
879 572 1025 632 mensium
1047 590 1146 637 annuo

143 657 236 736 spatio
252 665 420 734 superetur.
435 657 523 714 ltaeu
537 653 655 712 decr.S.
670 652 760 713 C.⁴lb.
771 673 802 713 n.
819 657 869 715 tr.
884 657 959 714 ilinc
971 656 1002 714 S.
1016 658 1145 735 Congre-

142 742 260 819 gatioin
273 740 338 799 aliis
352 739 475 799 decretis
488 738 559 798 ibid.
576 754 658 797 num.
678 739 727 797 55.
743 738 843 797 relatis
853 738 1037 817 deciditplus
1056 739 1144 817 quiam

142 824 320 884 trimestrem
335 824 450 894 valere,
474 832 507 882 ut
527 831 701 882 censeantur
726 822 869 881 absentes.
884 823 945 882 Nee
971 824 1144 901 approbavit

141 907 244 967 cadem
265 909 294 967 S.
320 910 512 986 Congregatio
540 907 625 977 illos,
652 905 703 982 qui
731 907 876 965 caleulum
896 905 1090 968 conficiebant
1107 908 1144 969 ab

141 989 263 1053 bordin
282 990 403 1062 horam,
423 1002 453 1053 ct
469 1009 529 1052 non
545 989 561 1050 b
581 990 629 1049 die
648 988 681 1048 in
698 990 788 1049 diem.
804 989 879 1048 lbid.

181 1075 350 1136 Absentesd
370 1077 493 1136 servitio
508 1084 642 1153 tempore
661 1075 820 1134 vacationis
837 1091 896 1132 nou
918 1075 1073 1137 lucrantur
1085 1076 1145 1138 dis·

142 1161 317 1221 tributiones
328 1160 531 1240 puotidianas,
551 1161 608 1219 nisi
623 1176 765 1219 concessae
777 1160 838 1218 sint
852 1159 912 1219 illis
926 1158 943 1219 b
955 1162 1145 1223 constitutio·

140 1245 230 1304 nibus
250 1246 428 1306 confirmatis
447 1244 527 1304 bSS.
545 1243 739 1304 Pontificibus
758 1252 827 1305 ente
845 1245 933 1305 Cone.
949 1245 1031 1304 Trid.
1046 1247 1089 1306 lta
1109 1263 1145 1306 er

140 1327 258 1389 decreto
267 1331 297 1389 S.
311 1330 559 1408 congregationis.
572 1329 648 1388 lbid.

181 1414 318 1473 Canonici
332 1415 382 1491 qui
399 1412 548 1473 abinerint
565 1411 643 1471 ultra
655 1412 805 1472 trimestre
816 1419 957 1473 nonsunt
968 1413 1094 1485 citandi,
1111 1424 1145 1474 ut

140 1496 261 1557 veniant
274 1497 310 1558 ad
332 1498 486 1558 servitium
507 1497 656 1571 Ecclesiam
669 1498 727 1573 quel
740 1497 773 1556 in
793 1515 827 1556 re
846 1494 1017 1556 differuntd
1037 1496 1146 1556 curatis

138 1598 201 1641 non
215 1581 409 1643 residentibus
423 1625 431 1653 ,
444 1581 495 1660 qui
510 1599 545 1641 ex
557 1581 679 1640 Consilii
694 1582 866 1659 praescripto
885 1579 1015 1651 citandi,
1029 1579 1076 1638 vel
1094 1579 1145 1639 ad·

138 1665 280 1724 monendi
297 1674 366 1726 sunt
379 1709 387 1738 ,
402 1675 436 1725 ut
455 1674 557 1726 eontra
570 1664 635 1724 illos
653 1662 841 1741 procedatur.
855 1661 986 1722 vocandi
1007 1673 1076 1722 sunt
1089 1664 1145 1741 igi-

137 1756 189 1807 tur
210 1745 361 1821 canonici,
379 1758 414 1809 ut
431 1750 576 1810 deducant
597 1765 713 1805 causam
733 1764 787 1805 cur
809 1762 869 1805 non
889 1745 1014 1806 debeant
1034 1745 1144 1824 privari

138 1832 315 1907 medietate,
333 1836 394 1894 sive
406 1834 545 1895 omnibus
557 1832 702 1891 fructibus
712 1829 796 1908 juxta
813 1831 1016 1909 prescriptum
1031 1834 1062 1892 S.
1074 1833 1145 1892 Cou-

137 1917 212 1977 cilii.
230 1920 270 1978 lta
287 1938 323 1979 ex
337 1919 452 1980 decreto
462 1919 492 1978 S.
507 1919 539 1976 C.
557 1916 634 1977 lbid.
651 1934 736 1975 num.
752 1916 801 1975 57.
1124 1974 1127 1979 «

175 2000 271 2063 Porrb
281 2010 313 2062 ut
326 2010 397 2063 tunc
411 2000 631 2082 procedaturad
647 2000 841 2079 privationem
854 2001 1057 2080 canonicatis,
1070 2020 1144 2080 pre-

136 2086 242 2145 eedere
255 2086 342 2147 debet
358 2088 448 2147 trium
464 2104 608 2146 annorum
624 2085 776 2159 absentia,
797 2095 861 2145 tum
875 2087 1141 2165 expediendmsunt
1237 2098 1239 2103 ’

135 2179 198 2229 tres
225 2169 376 2231 citationes
400 2175 500 2231 c'ontra
516 2170 688 2240 absentem,
718 2170 769 2247 qui
796 2169 865 2230 dein
889 2171 1084 2249 expectandus
1099 2182 1143 2232 eat

135 2269 252 2327 persor
272 2274 384 2315 menses
396 2300 405 2328 ,
417 2255 510 2333 iisque
522 2255 627 2332 elapsis
639 2299 647 2325 ,
660 2255 685 2314 si
698 2271 757 2313 non
772 2267 937 2334 compareat
951 2300 959 2327 ,
974 2256 1012 2315 ad
1025 2265 1143 2316 senten·

135 2337 209 2396 tium
219 2338 400 2415 'privationis
413 2338 600 2418 procedatur.
616 2339 660 2396 lta
675 2357 711 2397 ex
722 2337 840 2398 decreto
851 2340 882 2397 S.
893 2334 927 2398 C.
943 2339 988 2397 lb.

173 2425 315 2481 Attamen
335 2423 413 2482 intra
430 2422 484 2481 boc
502 2423 663 2481 triennium
680 2423 890 2498 expectationis
910 2420 1028 2499 procedi
1047 2430 1143 2500 potest

136 2503 172 2563 ad
195 2505 418 2583 suspensionem
434 2505 633 2583 delinquentis
643 2503 729 2580 juxta
751 2503 973 2580 dispositionem
994 2521 1057 2581 cap.
1080 2506 1140 2565 Ee.

136 2594 220 2659 tuce,
239 2588 274 2648 de
286 2587 379 2650 eletio
401 2607 460 2649 nou
480 2587 567 2650 resid.
587 2587 673 2662 Quod
696 2587 785 2645 etiam
806 2586 871 2645 lieri
893 2595 990 2663 potest
1008 2585 1141 2648 incboatd

132 2672 195 2746 jam
211 2673 258 2732 vid
271 2674 447 2752 procedendi
460 2673 477 2733 d
492 2672 617 2734 concilio
641 2669 829 2748 praescripttl3
841 2677 971 2729 uttaruen
989 2677 1060 2730 tune
1075 2690 1141 2749 per·

133 2757 269 2831 gendum
292 2776 352 2818 non
372 2767 417 2819 est
441 2759 478 2817 ad
497 2757 673 2817 sententiam
691 2754 875 2833 privationis.
903 2755 945 2814 lta
960 2771 996 2813 ex
1013 2756 1050 2814 D.
1064 2759 1094 2816 S.
1107 2756 1138 2815 C.

135 2840 216 2902 lbid.
235 2863 264 2903 n.
277 2843 326 2902 58.

173 2928 279 3003 Quoad
288 2928 509 2989 distributiones
518 2927 607 2988 Cone.
621 2924 705 2993 Trid.
719 2942 786 2984 sess.
801 2926 850 2986 51.
861 2942 887 2984 e.
901 2925 929 2983 5.
942 2920 977 2983 de
988 2921 1044 3004 res.
1057 2943 1140 2987 man·

135 3011 205 3084 dat,
220 3022 253 3072 ut
263 3022 414 3092 separetur
427 3010 444 3073 b
457 3013 543 3072 missi
559 3006 713 3089 capitulari
727 3012 811 3070 tertia
824 3010 1063 3089 parssruetuum,
1075 3029 1142 3090 quae

134 3095 287 3156 dividatur
308 3097 386 3156 inter
414 3105 571 3174 presentes
589 3096 699 3154 divinis
725 3095 828 3154 oilieiis
855 3095 1029 3155 assistentes.
1051 3097 1142 3157 Addit

125 3178 211 3241 vverb
223 3179 301 3240 idem
322 3180 498 3250 concilium,
513 3177 592 3257 qudd
603 3180 627 3237 si
640 3179 813 3257 dignitates,
826 3188 856 3240 et
865 3188 1037 3258 personatus
1044 3181 1141 3240 Eccle-

133 3263 247 3323 siarum
261 3263 495 3342 parochialium,
509 3274 540 3322 et
552 3263 772 3341 collegiatarum
787 3264 961 3323 muneribus
970 3265 1032 3322 suis
1046 3264 1141 3324 deluo

132 3347 198 3407 rint
209 3389 219 3419 ,
231 3347 368 3407 amittunt
387 3347 626 3419 distributiones,
640 3365 707 3425 quae
717 3346 1029 3428 applicenturlitbrt'eae
1042 3346 1141 3410 uecte-

131 3428 207 3505 ste,
219 3427 265 3490 uei
277 3428 367 3491 citeri
380 3433 432 3513 pio
448 3426 508 3491 ioco
518 3474 526 3502 ,
537 3429 660 3492 arbitrio
673 3429 840 3490 ordinarii.
855 3432 941 3504 Quod
959 3442 1139 3510 postremum

31 3584 32 3587 Ἴ
132 3512 313 3592 intelligitur
322 3515 360 3576 de
382 3515 576 3593 dignitatibus
597 3513 709 3576 reditus
731 3531 798 3573 suos
815 3513 1019 3574 habentibus'a
1041 3521 1139 3577 mensi

133 3596 460 3743 coaptaturpyttliscretiu
482 3599 556 3674 itta,
577 3616 644 3676 quae
662 3597 840 3676 participant
853 3615 889 3657 ex
904 3598 1004 3740 alcippe
1017 3600 1137 3672 mensi,

204 3694 261 3738 orn.
326 3724 335 3744 .
