<?xml version="1.0" encoding="UTF-8"?>
<!DOCTYPE html PUBLIC "-//W3C//DTD XHTML 1.0 Transitional//EN"
    "http://www.w3.org/TR/xhtml1/DTD/xhtml1-transitional.dtd">
<html xmlns="http://www.w3.org/1999/xhtml" xml:lang="en" lang="en">
 <head>
  <title>
</title>
<meta http-equiv="Content-Type" content="text/html;charset=utf-8" />
  <meta name='ocr-system' content='tesseract 3.04.00' />
  <meta name='ocr-capabilities' content='ocr_page ocr_carea ocr_par ocr_line ocrx_word'/>
</head>
<body>
  <div class='ocr_page' id='page_1' title='image "./theologiamorali05heilgoog_0132.png"; bbox 0 0 2642 4167; ppageno 0'>
   <div class='ocr_carea' id='block_1_1' title="bbox 93 230 1222 1343">
    <p class='ocr_par' dir='ltr' id='par_1_1' title="bbox 155 230 879 311">
     <span class='ocr_line' id='line_1_1' title="bbox 155 230 879 311; baseline -0.011 -15"><span class='ocrx_word' id='word_1_1' title='bbox 155 235 212 297; x_wconf 73' lang='lat' dir='ltr'><strong>tlt</strong></span> <span class='ocrx_word' id='word_1_2' title='bbox 434 231 546 294; x_wconf 78' lang='lat' dir='ltr'><strong>Prasia</strong></span> <span class='ocrx_word' id='word_1_3' title='bbox 562 230 743 311; x_wconf 76' lang='lat' dir='ltr'><strong>wasessora&#39;t.</strong></span> <span class='ocrx_word' id='word_1_4' title='bbox 762 233 833 311; x_wconf 78' lang='lat' dir='ltr'><strong>Cup.</strong></span> <span class='ocrx_word' id='word_1_5' title='bbox 849 231 879 289; x_wconf 86' lang='lat' dir='ltr'><strong>a.</strong></span> 
     </span>
    </p>

    <p class='ocr_par' dir='ltr' id='par_1_2' title="bbox 93 331 1222 1343">
     <span class='ocr_line' id='line_1_2' title="bbox 158 331 1166 414; baseline 0 -20"><span class='ocrx_word' id='word_1_6' title='bbox 158 347 227 395; x_wconf 84' lang='lat' dir='ltr'><strong>taine</strong></span> <span class='ocrx_word' id='word_1_7' title='bbox 251 337 282 395; x_wconf 87' lang='lat' dir='ltr'><strong>ia</strong></span> <span class='ocrx_word' id='word_1_8' title='bbox 304 351 410 414; x_wconf 78' lang='lat' dir='ltr'><strong>niagno</strong></span> <span class='ocrx_word' id='word_1_9' title='bbox 430 342 564 394; x_wconf 88' lang='lat' dir='ltr'><strong>versatur</strong></span> <span class='ocrx_word' id='word_1_10' title='bbox 578 333 731 411; x_wconf 83' lang='lat' dir='ltr'><strong>periculo,</strong></span> <span class='ocrx_word' id='word_1_11' title='bbox 749 351 788 393; x_wconf 90' lang='lat' dir='ltr'><strong>ne</strong></span> <span class='ocrx_word' id='word_1_12' title='bbox 804 332 968 412; x_wconf 83' lang='lat' dir='ltr'><strong>decipiatur</strong></span> <span class='ocrx_word' id='word_1_13' title='bbox 984 331 1000 393; x_wconf 75' lang='lat' dir='ltr'><strong>d</strong></span> <span class='ocrx_word' id='word_1_14' title='bbox 1016 331 1166 395; x_wconf 75' lang='lat' dir='ltr'><strong>demone</strong></span> 
     </span>
     <span class='ocr_line' id='line_1_3' title="bbox 93 416 1166 498; baseline 0.001 -21"><span class='ocrx_word' id='word_1_15' title='bbox 93 482 97 485; x_wconf 67' lang='grc'>,</span> <span class='ocrx_word' id='word_1_16' title='bbox 157 420 291 498; x_wconf 84' lang='lat' dir='ltr'><strong>Denique</strong></span> <span class='ocrx_word' id='word_1_17' title='bbox 315 420 443 479; x_wconf 79' lang='lat' dir='ltr'><strong>director</strong></span> <span class='ocrx_word' id='word_1_18' title='bbox 465 419 519 478; x_wconf 88' lang='lat' dir='ltr'><strong>etsi</strong></span> <span class='ocrx_word' id='word_1_19' title='bbox 539 418 685 477; x_wconf 89' lang='lat' dir='ltr'><strong>indicarat</strong></span> <span class='ocrx_word' id='word_1_20' title='bbox 706 416 830 477; x_wconf 81' lang='lat' dir='ltr'>reddere</span> <span class='ocrx_word' id='word_1_21' title='bbox 841 434 975 486; x_wconf 87' lang='lat' dir='ltr'><strong>ammam</strong></span> <span class='ocrx_word' id='word_1_22' title='bbox 986 419 1166 489; x_wconf 81' lang='lat' dir='ltr'><strong>certiorem,</strong></span> 
     </span>
     <span class='ocr_line' id='line_1_4' title="bbox 158 493 1164 579; baseline 0.003 -20"><span class='ocrx_word' id='word_1_23' title='bbox 158 502 238 579; x_wconf 85' lang='lat' dir='ltr'><strong>qubd</strong></span> <span class='ocrx_word' id='word_1_24' title='bbox 259 521 321 563; x_wconf 75' lang='lat' dir='ltr'><strong>suae</strong></span> <span class='ocrx_word' id='word_1_25' title='bbox 336 501 616 564; x_wconf 70' lang='lat' dir='ltr'><strong>communicationes</strong></span> <span class='ocrx_word' id='word_1_26' title='bbox 634 493 722 561; x_wconf 80' lang='lat' dir='ltr'><strong>sln&#39;tl</strong></span> <span class='ocrx_word' id='word_1_27' title='bbox 741 503 823 573; x_wconf 90' lang='lat' dir='ltr'><strong>Deo,</strong></span> <span class='ocrx_word' id='word_1_28' title='bbox 844 511 943 561; x_wconf 90' lang='lat' dir='ltr'><strong>tamen</strong></span> <span class='ocrx_word' id='word_1_29' title='bbox 961 501 988 559; x_wconf 91' lang='lat' dir='ltr'><strong>ei</strong></span> <span class='ocrx_word' id='word_1_30' title='bbox 1012 502 1164 574; x_wconf 76' lang='lat' dir='ltr'><strong>insinuet,</strong></span> 
     </span>
     <span class='ocr_line' id='line_1_5' title="bbox 157 545 1166 664; baseline 0.004 -21"><span class='ocrx_word' id='word_1_31' title='bbox 157 596 191 646; x_wconf 90' lang='lat' dir='ltr'><strong>ut</strong></span> <span class='ocrx_word' id='word_1_32' title='bbox 210 589 241 647; x_wconf 91' lang='lat' dir='ltr'><strong>in</strong></span> <span class='ocrx_word' id='word_1_33' title='bbox 261 588 395 647; x_wconf 89' lang='lat' dir='ltr'><strong>oratione</strong></span> <span class='ocrx_word' id='word_1_34' title='bbox 408 604 524 664; x_wconf 89' lang='lat' dir='ltr'><strong>semper</strong></span> <span class='ocrx_word' id='word_1_35' title='bbox 540 605 602 664; x_wconf 83' lang='lat' dir='ltr'><strong>proc</strong></span> <span class='ocrx_word' id='word_1_36' title='bbox 619 586 711 646; x_wconf 90' lang='lat' dir='ltr'><strong>oculis</strong></span> <span class='ocrx_word' id='word_1_37' title='bbox 727 545 831 646; x_wconf 78' lang='lat' dir='ltr'><strong>babesit</strong></span> <span class='ocrx_word' id='word_1_38' title='bbox 843 584 902 662; x_wconf 82' lang='lat' dir='ltr'><strong>(vel</strong></span> <span class='ocrx_word' id='word_1_39' title='bbox 916 586 1042 643; x_wconf 89' lang='lat' dir='ltr'><strong>saltem</strong></span> <span class='ocrx_word' id='word_1_40' title='bbox 1033 605 1064 646; x_wconf 84' lang='lat' dir='ltr'><strong>an</strong></span> <span class='ocrx_word' id='word_1_41' title='bbox 1077 589 1166 664; x_wconf 88' lang='lat' dir='ltr'><strong>prin·</strong></span> 
     </span>
     <span class='ocr_line' id='line_1_6' title="bbox 157 668 1165 750; baseline 0.002 -21"><span class='ocrx_word' id='word_1_42' title='bbox 157 672 245 750; x_wconf 79' lang='lat' dir='ltr'><strong>cipio]</strong></span> <span class='ocrx_word' id='word_1_43' title='bbox 262 682 405 750; x_wconf 90' lang='lat' dir='ltr'><strong>punctum</strong></span> <span class='ocrx_word' id='word_1_44' title='bbox 419 671 539 749; x_wconf 88' lang='lat' dir='ltr'><strong>aliquod</strong></span> <span class='ocrx_word' id='word_1_45' title='bbox 551 672 619 733; x_wconf 75' lang='lat' dir='ltr'><strong>vitm</strong></span> <span class='ocrx_word' id='word_1_46' title='bbox 631 715 639 742; x_wconf 97' lang='lat'><strong>,</strong></span> <span class='ocrx_word' id='word_1_47' title='bbox 652 671 699 729; x_wconf 83' lang='lat' dir='ltr'><strong>vel</strong></span> <span class='ocrx_word' id='word_1_48' title='bbox 710 672 851 749; x_wconf 80' lang='lat' dir='ltr'><strong>passionis</strong></span> <span class='ocrx_word' id='word_1_49' title='bbox 861 672 928 730; x_wconf 80' lang='lat' dir='ltr'><strong>lesu</strong></span> <span class='ocrx_word' id='word_1_50' title='bbox 945 668 1064 730; x_wconf 84' lang='lat' dir='ltr'><strong>Christi.</strong></span> <span class='ocrx_word' id='word_1_51' title='bbox 1076 673 1165 731; x_wconf 85' lang='lat' dir='ltr'><strong>Dice-</strong></span> 
     </span>
     <span class='ocr_line' id='line_1_7' title="bbox 158 754 1164 833; baseline 0.002 -19"><span class='ocrx_word' id='word_1_52' title='bbox 158 755 208 815; x_wconf 92' lang='lat' dir='ltr'><strong>bat</strong></span> <span class='ocrx_word' id='word_1_53' title='bbox 221 758 252 816; x_wconf 87' lang='lat' dir='ltr'><strong>S.</strong></span> <span class='ocrx_word' id='word_1_54' title='bbox 272 754 429 828; x_wconf 85' lang='lat' dir='ltr'><strong>Tlaeresa&#39;u,</strong></span> <span class='ocrx_word' id='word_1_55' title='bbox 443 758 571 816; x_wconf 88' lang='lat' dir='ltr'><strong>animam</strong></span> <span class='ocrx_word' id='word_1_56' title='bbox 588 775 654 833; x_wconf 80' lang='lat' dir='ltr'><strong>quae</strong></span> <span class='ocrx_word' id='word_1_57' title='bbox 668 757 778 815; x_wconf 88' lang='lat' dir='ltr'><strong>amittit</strong></span> <span class='ocrx_word' id='word_1_58' title='bbox 789 755 981 814; x_wconf 88' lang='lat' dir='ltr'><strong>directionem</strong></span> <span class='ocrx_word' id='word_1_59' title='bbox 995 754 1064 814; x_wconf 92' lang='lat' dir='ltr'><strong>boni</strong></span> <span class='ocrx_word' id='word_1_60' title='bbox 1075 757 1164 825; x_wconf 83' lang='lat' dir='ltr'><strong>lesu,</strong></span> 
     </span>
     <span class='ocr_line' id='line_1_8' title="bbox 159 839 1167 918; baseline 0.002 -21"><span class='ocrx_word' id='word_1_61' title='bbox 159 839 1167 918; x_wconf 78' lang='lat' dir='ltr'><strong>ratamqaamperventuramadperiectamcumDeounionem.llnimoe</strong></span> 
     </span>
     <span class='ocr_line' id='line_1_9' title="bbox 159 922 1166 1005; baseline 0.002 -23"><span class='ocrx_word' id='word_1_62' title='bbox 159 923 333 1001; x_wconf 87' lang='lat' dir='ltr'><strong>incipientes</strong></span> <span class='ocrx_word' id='word_1_63' title='bbox 345 925 526 984; x_wconf 80' lang='lat' dir='ltr'><strong>meditantur</strong></span> <span class='ocrx_word' id='word_1_64' title='bbox 539 924 659 983; x_wconf 87' lang='lat' dir='ltr'><strong>Domini</strong></span> <span class='ocrx_word' id='word_1_65' title='bbox 675 925 837 1004; x_wconf 80' lang='lat' dir='ltr'><strong>passionem</strong></span> <span class='ocrx_word' id='word_1_66' title='bbox 855 941 908 1001; x_wconf 90' lang='lat' dir='ltr'><strong>per</strong></span> <span class='ocrx_word' id='word_1_67' title='bbox 918 922 1166 1005; x_wconf 8' lang='lat' dir='ltr'><strong>modumpdiscur·</strong></span> 
     </span>
     <span class='ocr_line' id='line_1_10' title="bbox 158 1007 1167 1088; baseline 0.004 -21"><span class='ocrx_word' id='word_1_68' title='bbox 158 1007 228 1082; x_wconf 74' lang='lat' dir='ltr'><strong>sals3</strong></span> <span class='ocrx_word' id='word_1_69' title='bbox 242 1009 477 1086; x_wconf 75' lang='lat' dir='ltr'><strong>¹contemplativae</strong></span> <span class='ocrx_word' id='word_1_70' title='bbox 498 1007 570 1069; x_wconf 77' lang='lat' dir='ltr'><strong>acad</strong></span> <span class='ocrx_word' id='word_1_71' title='bbox 591 1027 651 1070; x_wconf 94' lang='lat' dir='ltr'><strong>non</strong></span> <span class='ocrx_word' id='word_1_72' title='bbox 671 1017 798 1068; x_wconf 87' lang='lat' dir='ltr'><strong>utuntur</strong></span> <span class='ocrx_word' id='word_1_73' title='bbox 818 1009 973 1077; x_wconf 84' lang='lat' dir='ltr'><strong>discursu,</strong></span> <span class='ocrx_word' id='word_1_74' title='bbox 998 1010 1071 1081; x_wconf 88' lang='lat' dir='ltr'><strong>sed,</strong></span> <span class='ocrx_word' id='word_1_75' title='bbox 1095 1029 1167 1088; x_wconf 91' lang='lat' dir='ltr'><strong>pre·</strong></span> 
     </span>
     <span class='ocr_line' id='line_1_11' title="bbox 158 1090 1167 1169; baseline 0.004 -20"><span class='ocrx_word' id='word_1_76' title='bbox 158 1093 254 1168; x_wconf 88' lang='lat' dir='ltr'><strong>posito</strong></span> <span class='ocrx_word' id='word_1_77' title='bbox 269 1090 325 1152; x_wconf 91' lang='lat' dir='ltr'><strong>sibi</strong></span> <span class='ocrx_word' id='word_1_78' title='bbox 342 1094 483 1169; x_wconf 88' lang='lat' dir='ltr'><strong>mysterio</strong></span> <span class='ocrx_word' id='word_1_79' title='bbox 505 1094 620 1169; x_wconf 87' lang='lat' dir='ltr'><strong>aliquo,</strong></span> <span class='ocrx_word' id='word_1_80' title='bbox 640 1092 826 1152; x_wconf 86' lang='lat' dir='ltr'><strong>admirantur</strong></span> <span class='ocrx_word' id='word_1_81' title='bbox 845 1092 1028 1165; x_wconf 87' lang='lat' dir='ltr'><strong>bonitatem,</strong></span> <span class='ocrx_word' id='word_1_82' title='bbox 1050 1095 1167 1153; x_wconf 89' lang='lat' dir='ltr'><strong>miseri-</strong></span> 
     </span>
     <span class='ocr_line' id='line_1_12' title="bbox 160 1176 1222 1252; baseline 0.005 -19"><span class='ocrx_word' id='word_1_83' title='bbox 160 1176 308 1248; x_wconf 87' lang='lat' dir='ltr'><strong>cerdiam,</strong></span> <span class='ocrx_word' id='word_1_84' title='bbox 321 1196 452 1238; x_wconf 81' lang='lat' dir='ltr'><strong>artiorem</strong></span> <span class='ocrx_word' id='word_1_85' title='bbox 469 1178 624 1249; x_wconf 84' lang='lat' dir='ltr'><strong>divinum,</strong></span> <span class='ocrx_word' id='word_1_86' title='bbox 639 1187 669 1238; x_wconf 90' lang='lat' dir='ltr'><strong>et</strong></span> <span class='ocrx_word' id='word_1_87' title='bbox 689 1176 759 1236; x_wconf 91' lang='lat' dir='ltr'><strong>binc</strong></span> <span class='ocrx_word' id='word_1_88' title='bbox 772 1179 849 1237; x_wconf 87' lang='lat' dir='ltr'><strong>Deus</strong></span> <span class='ocrx_word' id='word_1_89' title='bbox 869 1177 938 1236; x_wconf 87' lang='lat' dir='ltr'><strong>facit</strong></span> <span class='ocrx_word' id='word_1_90' title='bbox 959 1195 1007 1251; x_wconf 88' lang='lat' dir='ltr'><strong>eas</strong></span> <span class='ocrx_word' id='word_1_91' title='bbox 1022 1178 1165 1252; x_wconf 84' lang='lat' dir='ltr'><strong>transire,</strong></span> <span class='ocrx_word' id='word_1_92' title='bbox 1218 1193 1222 1203; x_wconf 79' lang='grc'><em>’</em></span> 
     </span>
     <span class='ocr_line' id='line_1_13' title="bbox 160 1260 1139 1343; baseline 0.005 -25"><span class='ocrx_word' id='word_1_93' title='bbox 160 1260 277 1337; x_wconf 88' lang='lat' dir='ltr'><strong>quando</strong></span> <span class='ocrx_word' id='word_1_94' title='bbox 294 1262 321 1322; x_wconf 88' lang='lat' dir='ltr'><strong>ei</strong></span> <span class='ocrx_word' id='word_1_95' title='bbox 342 1262 508 1343; x_wconf 83' lang='lat' dir='ltr'><strong>placuerit,</strong></span> <span class='ocrx_word' id='word_1_96' title='bbox 528 1261 566 1322; x_wconf 88' lang='lat' dir='ltr'><strong>ad</strong></span> <span class='ocrx_word' id='word_1_97' title='bbox 583 1262 863 1339; x_wconf 90' lang='lat' dir='ltr'><strong>contemplationem</strong></span> <span class='ocrx_word' id='word_1_98' title='bbox 883 1280 944 1322; x_wconf 83' lang='lat' dir='ltr'><strong>suoe</strong></span> <span class='ocrx_word' id='word_1_99' title='bbox 963 1262 1139 1325; x_wconf 83' lang='lat' dir='ltr'><strong>divinitatis.</strong></span> 
     </span>
    </p>
   </div>
   <div class='ocr_carea' id='block_1_2' title="bbox 457 1458 868 1543">
    <p class='ocr_par' dir='ltr' id='par_1_3' title="bbox 457 1458 868 1543">
     <span class='ocr_line' id='line_1_14' title="bbox 457 1458 868 1543; baseline -0.005 -22"><span class='ocrx_word' id='word_1_100' title='bbox 457 1461 483 1543; x_wconf 80' lang='lat'><strong>§.</strong></span> <span class='ocrx_word' id='word_1_101' title='bbox 500 1463 553 1523; x_wconf 89' lang='lat' dir='ltr'><strong>lll.</strong></span> <span class='ocrx_word' id='word_1_102' title='bbox 570 1463 616 1522; x_wconf 90' lang='lat' dir='ltr'><strong>De</strong></span> <span class='ocrx_word' id='word_1_103' title='bbox 634 1458 868 1540; x_wconf 79' lang='lat' dir='ltr'><strong>artortifieatiaue.</strong></span> 
     </span>
    </p>
   </div>
   <div class='ocr_carea' id='block_1_3' title="bbox 159 1675 1235 3736">
    <p class='ocr_par' dir='ltr' id='par_1_4' title="bbox 159 1675 1235 3696">
     <span class='ocr_line' id='line_1_15' title="bbox 200 1675 1168 1756; baseline 0 -18"><span class='ocrx_word' id='word_1_104' title='bbox 200 1679 268 1740; x_wconf 77' lang='lat' dir='ltr'><strong>ild.</strong></span> <span class='ocrx_word' id='word_1_105' title='bbox 328 1675 1168 1756; x_wconf 83' lang='lat' dir='ltr'><strong>uoaomortificationemoportetadvertere,qubdquando</strong></span> 
     </span>
     <span class='ocr_line' id='line_1_16' title="bbox 160 1761 1168 1842; baseline -0.001 -21"><span class='ocrx_word' id='word_1_106' title='bbox 160 1762 268 1825; x_wconf 82' lang='lat' dir='ltr'><strong>anirnae</strong></span> <span class='ocrx_word' id='word_1_107' title='bbox 286 1775 378 1826; x_wconf 77' lang='lat' dir='ltr'><strong>tutam</strong></span> <span class='ocrx_word' id='word_1_108' title='bbox 399 1765 584 1841; x_wconf 86' lang='lat' dir='ltr'><strong>spiritualem</strong></span> <span class='ocrx_word' id='word_1_109' title='bbox 604 1765 771 1842; x_wconf 87' lang='lat' dir='ltr'><strong>incipiunt,</strong></span> <span class='ocrx_word' id='word_1_110' title='bbox 793 1782 829 1822; x_wconf 83' lang='lat' dir='ltr'><strong>ex</strong></span> <span class='ocrx_word' id='word_1_111' title='bbox 848 1781 884 1823; x_wconf 87' lang='lat' dir='ltr'><strong>eo</strong></span> <span class='ocrx_word' id='word_1_112' title='bbox 903 1761 982 1840; x_wconf 86' lang='lat' dir='ltr'><strong>qubd</strong></span> <span class='ocrx_word' id='word_1_113' title='bbox 1002 1762 1077 1821; x_wconf 90' lang='lat' dir='ltr'><strong>solet</strong></span> <span class='ocrx_word' id='word_1_114' title='bbox 1097 1771 1168 1821; x_wconf 89' lang='lat' dir='ltr'><strong>tune</strong></span> 
     </span>
     <span class='ocr_line' id='line_1_17' title="bbox 161 1844 1169 1924; baseline -0.003 -16"><span class='ocrx_word' id='word_1_115' title='bbox 161 1848 324 1924; x_wconf 90' lang='lat' dir='ltr'><strong>Dominus,</strong></span> <span class='ocrx_word' id='word_1_116' title='bbox 349 1858 384 1909; x_wconf 89' lang='lat' dir='ltr'><strong>ut</strong></span> <span class='ocrx_word' id='word_1_117' title='bbox 401 1848 548 1920; x_wconf 86' lang='lat' dir='ltr'><strong>diximus,</strong></span> <span class='ocrx_word' id='word_1_118' title='bbox 571 1866 619 1908; x_wconf 88' lang='lat' dir='ltr'><strong>eas</strong></span> <span class='ocrx_word' id='word_1_119' title='bbox 641 1848 758 1908; x_wconf 86' lang='lat' dir='ltr'><strong>allicere</strong></span> <span class='ocrx_word' id='word_1_120' title='bbox 776 1845 1024 1909; x_wconf 83' lang='lat' dir='ltr'><strong>consolationibus</strong></span> <span class='ocrx_word' id='word_1_121' title='bbox 1044 1844 1169 1906; x_wconf 86' lang='lat' dir='ltr'><strong>sensibi-</strong></span> 
     </span>
     <span class='ocr_line' id='line_1_18' title="bbox 161 1928 1169 2011; baseline -0.004 -20"><span class='ocrx_word' id='word_1_122' title='bbox 161 1931 259 2005; x_wconf 89' lang='lat' dir='ltr'><strong>libus,</strong></span> <span class='ocrx_word' id='word_1_123' title='bbox 278 1931 311 1991; x_wconf 91' lang='lat' dir='ltr'><strong>in</strong></span> <span class='ocrx_word' id='word_1_124' title='bbox 332 1933 437 2011; x_wconf 89' lang='lat' dir='ltr'><strong>primis</strong></span> <span class='ocrx_word' id='word_1_125' title='bbox 460 1932 518 1991; x_wconf 89' lang='lat' dir='ltr'><strong>illis</strong></span> <span class='ocrx_word' id='word_1_126' title='bbox 539 1932 706 1993; x_wconf 80' lang='lat' dir='ltr'><strong>fervoribus</strong></span> <span class='ocrx_word' id='word_1_127' title='bbox 725 1933 835 1993; x_wconf 87' lang='lat' dir='ltr'><strong>vellent</strong></span> <span class='ocrx_word' id='word_1_128' title='bbox 852 1949 883 1991; x_wconf 91' lang='lat' dir='ltr'><strong>se</strong></span> <span class='ocrx_word' id='word_1_129' title='bbox 898 1929 1065 1991; x_wconf 83' lang='lat' dir='ltr'><strong>interficere</strong></span> <span class='ocrx_word' id='word_1_130' title='bbox 1082 1928 1169 1989; x_wconf 92' lang='lat' dir='ltr'><strong>disci-</strong></span> 
     </span>
     <span class='ocr_line' id='line_1_19' title="bbox 162 2013 1171 2093; baseline 0.001 -20"><span class='ocrx_word' id='word_1_131' title='bbox 162 2015 270 2093; x_wconf 87' lang='lat' dir='ltr'><strong>plinis,</strong></span> <span class='ocrx_word' id='word_1_132' title='bbox 290 2013 560 2093; x_wconf 84' lang='lat' dir='ltr'><strong>ciliciis,jejuniis,</strong></span> <span class='ocrx_word' id='word_1_133' title='bbox 578 2026 608 2076; x_wconf 90' lang='lat' dir='ltr'><strong>et</strong></span> <span class='ocrx_word' id='word_1_134' title='bbox 621 2017 768 2077; x_wconf 90' lang='lat' dir='ltr'><strong>similibus</strong></span> <span class='ocrx_word' id='word_1_135' title='bbox 788 2016 935 2077; x_wconf 84' lang='lat' dir='ltr'><strong>exercitiis</strong></span> <span class='ocrx_word' id='word_1_136' title='bbox 957 2013 1112 2074; x_wconf 87' lang='lat' dir='ltr'><strong>afflictivis.</strong></span> <span class='ocrx_word' id='word_1_137' title='bbox 1125 2016 1171 2074; x_wconf 92' lang='lat' dir='ltr'><strong>ln·</strong></span> 
     </span>
     <span class='ocr_line' id='line_1_20' title="bbox 160 2098 1235 2179; baseline 0 -21"><span class='ocrx_word' id='word_1_138' title='bbox 160 2110 240 2159; x_wconf 86' lang='lat' dir='ltr'><strong>terea</strong></span> <span class='ocrx_word' id='word_1_139' title='bbox 258 2108 394 2178; x_wconf 89' lang='lat' dir='ltr'><strong>oportet,</strong></span> <span class='ocrx_word' id='word_1_140' title='bbox 407 2110 441 2160; x_wconf 93' lang='lat' dir='ltr'><strong>ut</strong></span> <span class='ocrx_word' id='word_1_141' title='bbox 452 2099 581 2160; x_wconf 90' lang='lat' dir='ltr'><strong>director</strong></span> <span class='ocrx_word' id='word_1_142' title='bbox 598 2103 637 2162; x_wconf 89' lang='lat' dir='ltr'><strong>sit</strong></span> <span class='ocrx_word' id='word_1_143' title='bbox 655 2102 841 2179; x_wconf 85' lang='lat' dir='ltr'><strong>parcissimus</strong></span> <span class='ocrx_word' id='word_1_144' title='bbox 860 2101 890 2159; x_wconf 92' lang='lat' dir='ltr'><strong>in</strong></span> <span class='ocrx_word' id='word_1_145' title='bbox 904 2098 1073 2176; x_wconf 88' lang='lat' dir='ltr'><strong>hujusmodi</strong></span> <span class='ocrx_word' id='word_1_146' title='bbox 1087 2118 1170 2160; x_wconf 89' lang='lat' dir='ltr'><strong>mor·</strong></span> <span class='ocrx_word' id='word_1_147' title='bbox 1233 2099 1235 2101; x_wconf 71' lang='grc'><strong><em>’</em></strong></span> 
     </span>
     <span class='ocr_line' id='line_1_21' title="bbox 161 2181 1169 2262; baseline -0.002 -18"><span class='ocrx_word' id='word_1_148' title='bbox 161 2183 372 2244; x_wconf 85' lang='lat' dir='ltr'><strong>tilieationibus</strong></span> <span class='ocrx_word' id='word_1_149' title='bbox 385 2184 598 2244; x_wconf 86' lang='lat' dir='ltr'><strong>concedendis:</strong></span> <span class='ocrx_word' id='word_1_150' title='bbox 614 2204 683 2244; x_wconf 90' lang='lat' dir='ltr'><strong>nam</strong></span> <span class='ocrx_word' id='word_1_151' title='bbox 695 2185 765 2245; x_wconf 70' lang='lat' dir='ltr'><strong>alias</strong></span> <span class='ocrx_word' id='word_1_152' title='bbox 775 2185 999 2262; x_wconf 85' lang='lat' dir='ltr'><strong>superveniente</strong></span> <span class='ocrx_word' id='word_1_153' title='bbox 1010 2181 1079 2244; x_wconf 74' lang='lat' dir='ltr'><strong>indie</strong></span> <span class='ocrx_word' id='word_1_154' title='bbox 1093 2193 1169 2243; x_wconf 91' lang='lat' dir='ltr'><strong>tem·</strong></span> 
     </span>
     <span class='ocr_line' id='line_1_22' title="bbox 160 2265 1169 2346; baseline 0.001 -21"><span class='ocrx_word' id='word_1_155' title='bbox 160 2284 233 2346; x_wconf 90' lang='lat' dir='ltr'><strong>pore</strong></span> <span class='ocrx_word' id='word_1_156' title='bbox 256 2266 417 2339; x_wconf 87' lang='lat' dir='ltr'><strong>ariditatis,</strong></span> <span class='ocrx_word' id='word_1_157' title='bbox 443 2276 478 2327; x_wconf 90' lang='lat' dir='ltr'><strong>nt</strong></span> <span class='ocrx_word' id='word_1_158' title='bbox 503 2267 652 2328; x_wconf 75' lang='lat' dir='ltr'><strong>ordinarie</strong></span> <span class='ocrx_word' id='word_1_159' title='bbox 681 2269 756 2329; x_wconf 88' lang='lat' dir='ltr'><strong>solet</strong></span> <span class='ocrx_word' id='word_1_160' title='bbox 783 2269 943 2340; x_wconf 87' lang='lat' dir='ltr'><strong>accedere,</strong></span> <span class='ocrx_word' id='word_1_161' title='bbox 968 2265 1052 2328; x_wconf 75' lang='lat' dir='ltr'><strong>lucilia</strong></span> <span class='ocrx_word' id='word_1_162' title='bbox 1071 2268 1169 2327; x_wconf 84' lang='lat' dir='ltr'><strong>anima</strong></span> 
     </span>
     <span class='ocr_line' id='line_1_23' title="bbox 160 2350 1169 2430; baseline -0.003 -17"><span class='ocrx_word' id='word_1_163' title='bbox 160 2350 300 2413; x_wconf 88' lang='lat' dir='ltr'><strong>destituta</strong></span> <span class='ocrx_word' id='word_1_164' title='bbox 320 2369 374 2411; x_wconf 92' lang='lat' dir='ltr'><strong>suo</strong></span> <span class='ocrx_word' id='word_1_165' title='bbox 397 2352 522 2430; x_wconf 89' lang='lat' dir='ltr'><strong>pristino</strong></span> <span class='ocrx_word' id='word_1_166' title='bbox 541 2353 658 2414; x_wconf 82' lang='lat' dir='ltr'><strong>terrore</strong></span> <span class='ocrx_word' id='word_1_167' title='bbox 680 2353 831 2420; x_wconf 89' lang='lat' dir='ltr'><strong>sensibili,</strong></span> <span class='ocrx_word' id='word_1_168' title='bbox 848 2353 963 2412; x_wconf 89' lang='lat' dir='ltr'><strong>omittet</strong></span> <span class='ocrx_word' id='word_1_169' title='bbox 979 2368 1082 2412; x_wconf 89' lang='lat' dir='ltr'><strong>omnes</strong></span> <span class='ocrx_word' id='word_1_170' title='bbox 1101 2369 1169 2411; x_wconf 85' lang='lat' dir='ltr'><strong>suas</strong></span> 
     </span>
     <span class='ocr_line' id='line_1_24' title="bbox 161 2434 1168 2514; baseline -0.002 -17"><span class='ocrx_word' id='word_1_171' title='bbox 161 2434 419 2507; x_wconf 85' lang='lat' dir='ltr'><strong>mortificationes,</strong></span> <span class='ocrx_word' id='word_1_172' title='bbox 440 2445 470 2496; x_wconf 90' lang='lat' dir='ltr'><strong>et</strong></span> <span class='ocrx_word' id='word_1_173' title='bbox 488 2437 631 2514; x_wconf 87' lang='lat' dir='ltr'><strong>incipiens</strong></span> <span class='ocrx_word' id='word_1_174' title='bbox 647 2436 718 2498; x_wconf 89' lang='lat' dir='ltr'><strong>inde</strong></span> <span class='ocrx_word' id='word_1_175' title='bbox 739 2436 890 2507; x_wconf 88' lang='lat' dir='ltr'><strong>dillidere,</strong></span> <span class='ocrx_word' id='word_1_176' title='bbox 910 2436 1059 2513; x_wconf 91' lang='lat' dir='ltr'><strong>relinquet</strong></span> <span class='ocrx_word' id='word_1_177' title='bbox 1077 2435 1168 2495; x_wconf 88' lang='lat' dir='ltr'><strong>etiam</strong></span> 
     </span>
     <span class='ocr_line' id='line_1_25' title="bbox 160 2517 1170 2600; baseline -0.003 -20"><span class='ocrx_word' id='word_1_178' title='bbox 160 2522 347 2592; x_wconf 86' lang='lat' dir='ltr'><strong>orationem,</strong></span> <span class='ocrx_word' id='word_1_179' title='bbox 370 2527 400 2579; x_wconf 92' lang='lat' dir='ltr'><strong>et</strong></span> <span class='ocrx_word' id='word_1_180' title='bbox 418 2519 509 2580; x_wconf 85' lang='lat' dir='ltr'><strong>vitam</strong></span> <span class='ocrx_word' id='word_1_181' title='bbox 532 2521 626 2599; x_wconf 87' lang='lat' dir='ltr'><strong>ipsam</strong></span> <span class='ocrx_word' id='word_1_182' title='bbox 645 2522 850 2600; x_wconf 89' lang='lat' dir='ltr'><strong>spiritualem,</strong></span> <span class='ocrx_word' id='word_1_183' title='bbox 874 2529 977 2598; x_wconf 89' lang='lat' dir='ltr'><strong>utpote</strong></span> <span class='ocrx_word' id='word_1_184' title='bbox 996 2537 1043 2579; x_wconf 88' lang='lat' dir='ltr'><strong>ros</strong></span> <span class='ocrx_word' id='word_1_185' title='bbox 1068 2517 1170 2578; x_wconf 89' lang='lat' dir='ltr'><strong>mimis</strong></span> 
     </span>
     <span class='ocr_line' id='line_1_26' title="bbox 161 2601 1168 2683; baseline -0.004 -19"><span class='ocrx_word' id='word_1_186' title='bbox 161 2604 217 2665; x_wconf 92' lang='lat' dir='ltr'><strong>sibi</strong></span> <span class='ocrx_word' id='word_1_187' title='bbox 229 2603 478 2674; x_wconf 87' lang='lat' dir='ltr'><strong>accommodatas,</strong></span> <span class='ocrx_word' id='word_1_188' title='bbox 491 2612 521 2664; x_wconf 91' lang='lat' dir='ltr'><strong>et</strong></span> <span class='ocrx_word' id='word_1_189' title='bbox 531 2612 744 2683; x_wconf 86' lang='lat' dir='ltr'><strong>consequenter</strong></span> <span class='ocrx_word' id='word_1_190' title='bbox 753 2608 871 2664; x_wconf 88' lang='lat' dir='ltr'><strong>amittet</strong></span> <span class='ocrx_word' id='word_1_191' title='bbox 882 2604 991 2663; x_wconf 89' lang='lat' dir='ltr'><strong>omnia.</strong></span> <span class='ocrx_word' id='word_1_192' title='bbox 1001 2601 1168 2678; x_wconf 75' lang='lat' dir='ltr'><strong>Aliquando</strong></span> 
     </span>
     <span class='ocr_line' id='line_1_27' title="bbox 161 2685 1168 2767; baseline -0.004 -17"><span class='ocrx_word' id='word_1_193' title='bbox 161 2690 251 2750; x_wconf 85' lang='lat' dir='ltr'><strong>otiam</strong></span> <span class='ocrx_word' id='word_1_194' title='bbox 269 2688 389 2761; x_wconf 85' lang='lat' dir='ltr'><strong>accidit,</strong></span> <span class='ocrx_word' id='word_1_195' title='bbox 407 2697 441 2750; x_wconf 89' lang='lat' dir='ltr'><strong>ut</strong></span> <span class='ocrx_word' id='word_1_196' title='bbox 457 2687 503 2749; x_wconf 81' lang='lat' dir='ltr'><strong>bae</strong></span> <span class='ocrx_word' id='word_1_197' title='bbox 523 2690 630 2750; x_wconf 77' lang='lat' dir='ltr'><strong>animae</strong></span> <span class='ocrx_word' id='word_1_198' title='bbox 649 2689 821 2767; x_wconf 87' lang='lat' dir='ltr'><strong>incipientes</strong></span> <span class='ocrx_word' id='word_1_199' title='bbox 841 2690 956 2748; x_wconf 86' lang='lat' dir='ltr'><strong>ratione</strong></span> <span class='ocrx_word' id='word_1_200' title='bbox 976 2686 1067 2765; x_wconf 88' lang='lat' dir='ltr'><strong>primi</strong></span> <span class='ocrx_word' id='word_1_201' title='bbox 1087 2685 1168 2746; x_wconf 90' lang='lat' dir='ltr'><strong>illius</strong></span> 
     </span>
     <span class='ocr_line' id='line_1_28' title="bbox 160 2769 1169 2846; baseline -0.006 -12"><span class='ocrx_word' id='word_1_202' title='bbox 160 2774 285 2835; x_wconf 78' lang='lat' dir='ltr'><strong>fervoris</strong></span> <span class='ocrx_word' id='word_1_203' title='bbox 308 2774 380 2834; x_wconf 88' lang='lat' dir='ltr'><strong>dent</strong></span> <span class='ocrx_word' id='word_1_204' title='bbox 403 2774 435 2833; x_wconf 89' lang='lat' dir='ltr'><strong>in</strong></span> <span class='ocrx_word' id='word_1_205' title='bbox 459 2791 506 2833; x_wconf 90' lang='lat' dir='ltr'><strong>res</strong></span> <span class='ocrx_word' id='word_1_206' title='bbox 529 2773 758 2846; x_wconf 84' lang='lat' dir='ltr'><strong>immoderatas,</strong></span> <span class='ocrx_word' id='word_1_207' title='bbox 780 2781 811 2832; x_wconf 88' lang='lat' dir='ltr'><strong>et</strong></span> <span class='ocrx_word' id='word_1_208' title='bbox 835 2770 968 2832; x_wconf 87' lang='lat' dir='ltr'><strong>incidant</strong></span> <span class='ocrx_word' id='word_1_209' title='bbox 991 2771 1023 2830; x_wconf 92' lang='lat' dir='ltr'><strong>in</strong></span> <span class='ocrx_word' id='word_1_210' title='bbox 1048 2769 1169 2829; x_wconf 90' lang='lat' dir='ltr'><strong>morbus</strong></span> 
     </span>
     <span class='ocr_line' id='line_1_29' title="bbox 161 2854 1169 2936; baseline -0.008 -16"><span class='ocrx_word' id='word_1_211' title='bbox 161 2857 345 2936; x_wconf 83' lang='lat' dir='ltr'><strong>corporales,</strong></span> <span class='ocrx_word' id='word_1_212' title='bbox 365 2865 396 2916; x_wconf 90' lang='lat' dir='ltr'><strong>et</strong></span> <span class='ocrx_word' id='word_1_213' title='bbox 413 2866 486 2917; x_wconf 88' lang='lat' dir='ltr'><strong>tunc</strong></span> <span class='ocrx_word' id='word_1_214' title='bbox 504 2862 539 2915; x_wconf 90' lang='lat' dir='ltr'><strong>nt</strong></span> <span class='ocrx_word' id='word_1_215' title='bbox 558 2856 749 2932; x_wconf 87' lang='lat' dir='ltr'><strong>reficiantur,</strong></span> <span class='ocrx_word' id='word_1_216' title='bbox 765 2856 907 2917; x_wconf 87' lang='lat' dir='ltr'><strong>omittunt</strong></span> <span class='ocrx_word' id='word_1_217' title='bbox 919 2854 1017 2916; x_wconf 83' lang='lat' dir='ltr'><strong>omnia</strong></span> <span class='ocrx_word' id='word_1_218' title='bbox 1031 2854 1169 2913; x_wconf 82' lang='lat' dir='ltr'><strong>exercitia</strong></span> 
     </span>
     <span class='ocr_line' id='line_1_30' title="bbox 159 2937 1169 3020; baseline -0.005 -19"><span class='ocrx_word' id='word_1_219' title='bbox 159 2941 324 3020; x_wconf 83' lang='lat' dir='ltr'><strong>spiritualia</strong></span> <span class='ocrx_word' id='word_1_220' title='bbox 344 2958 404 3001; x_wconf 90' lang='lat' dir='ltr'><strong>non</strong></span> <span class='ocrx_word' id='word_1_221' title='bbox 424 2941 488 3001; x_wconf 86' lang='lat' dir='ltr'><strong>sine</strong></span> <span class='ocrx_word' id='word_1_222' title='bbox 508 2939 622 3018; x_wconf 83' lang='lat' dir='ltr'><strong>ingenti</strong></span> <span class='ocrx_word' id='word_1_223' title='bbox 642 2941 774 3019; x_wconf 85' lang='lat' dir='ltr'><strong>periculo</strong></span> <span class='ocrx_word' id='word_1_224' title='bbox 794 2937 921 3019; x_wconf 80' lang='lat' dir='ltr'><strong>amplius</strong></span> <span class='ocrx_word' id='word_1_225' title='bbox 945 2957 978 2998; x_wconf 88' lang='lat' dir='ltr'><strong>ea</strong></span> <span class='ocrx_word' id='word_1_226' title='bbox 1002 2956 1063 2998; x_wconf 94' lang='lat' dir='ltr'><strong>non</strong></span> <span class='ocrx_word' id='word_1_227' title='bbox 1078 2955 1169 2997; x_wconf 83' lang='lat' dir='ltr'><strong>resu-</strong></span> 
     </span>
     <span class='ocr_line' id='line_1_31' title="bbox 160 3020 1169 3103; baseline -0.007 -16"><span class='ocrx_word' id='word_1_228' title='bbox 160 3025 271 3087; x_wconf 91' lang='lat' dir='ltr'><strong>mendi.</strong></span> <span class='ocrx_word' id='word_1_229' title='bbox 292 3023 361 3086; x_wconf 81' lang='lat' dir='ltr'><strong>lded</strong></span> <span class='ocrx_word' id='word_1_230' title='bbox 383 3024 514 3086; x_wconf 87' lang='lat' dir='ltr'><strong>director</strong></span> <span class='ocrx_word' id='word_1_231' title='bbox 542 3042 645 3084; x_wconf 87' lang='lat' dir='ltr'><strong>curare</strong></span> <span class='ocrx_word' id='word_1_232' title='bbox 673 3025 783 3098; x_wconf 87' lang='lat' dir='ltr'><strong>debet,</strong></span> <span class='ocrx_word' id='word_1_233' title='bbox 805 3031 841 3084; x_wconf 92' lang='lat' dir='ltr'><strong>ut</strong></span> <span class='ocrx_word' id='word_1_234' title='bbox 860 3020 944 3103; x_wconf 79' lang='lat' dir='ltr'><strong>priris</strong></span> <span class='ocrx_word' id='word_1_235' title='bbox 962 3023 1033 3100; x_wconf 79' lang='lat' dir='ltr'><strong>ipsu</strong></span> <span class='ocrx_word' id='word_1_236' title='bbox 1055 3022 1088 3081; x_wconf 90' lang='lat' dir='ltr'><strong>in</strong></span> <span class='ocrx_word' id='word_1_237' title='bbox 1108 3021 1169 3081; x_wconf 88' lang='lat' dir='ltr'><strong>vita</strong></span> 
     </span>
     <span class='ocr_line' id='line_1_32' title="bbox 159 3107 1170 3188; baseline -0.005 -18"><span class='ocrx_word' id='word_1_238' title='bbox 159 3110 306 3188; x_wconf 84' lang='lat' dir='ltr'><strong>spirituali</strong></span> <span class='ocrx_word' id='word_1_239' title='bbox 330 3109 516 3182; x_wconf 82' lang='lat' dir='ltr'><strong>solidentur,</strong></span> <span class='ocrx_word' id='word_1_240' title='bbox 543 3118 574 3169; x_wconf 91' lang='lat' dir='ltr'><strong>et</strong></span> <span class='ocrx_word' id='word_1_241' title='bbox 598 3117 699 3188; x_wconf 85' lang='lat' dir='ltr'><strong>postea</strong></span> <span class='ocrx_word' id='word_1_242' title='bbox 724 3109 916 3171; x_wconf 82' lang='lat' dir='ltr'><strong>consideratis</strong></span> <span class='ocrx_word' id='word_1_243' title='bbox 939 3107 1170 3167; x_wconf 79' lang='lat' dir='ltr'><strong>circumstantiis</strong></span> 
     </span>
     <span class='ocr_line' id='line_1_33' title="bbox 159 3189 1170 3295; baseline -0.005 -40"><span class='ocrx_word' id='word_1_244' title='bbox 159 3194 311 3268; x_wconf 85' lang='lat' dir='ltr'><strong>sanitatis,</strong></span> <span class='ocrx_word' id='word_1_245' title='bbox 335 3193 580 3273; x_wconf 87' lang='lat' dir='ltr'><strong>occupationum,</strong></span> <span class='ocrx_word' id='word_1_246' title='bbox 601 3203 691 3295; x_wconf 80' lang='lat' dir='ltr'><strong>atque</strong></span> <span class='ocrx_word' id='word_1_247' title='bbox 712 3194 857 3267; x_wconf 82' lang='lat' dir='ltr'><strong>terreris,</strong></span> <span class='ocrx_word' id='word_1_248' title='bbox 879 3191 1020 3253; x_wconf 87' lang='lat' dir='ltr'><strong>concedat</strong></span> <span class='ocrx_word' id='word_1_249' title='bbox 1040 3189 1101 3249; x_wconf 90' lang='lat' dir='ltr'><strong>illis</strong></span> <span class='ocrx_word' id='word_1_250' title='bbox 1122 3207 1170 3250; x_wconf 88' lang='lat' dir='ltr'><strong>eas</strong></span> 
     </span>
     <span class='ocr_line' id='line_1_34' title="bbox 161 3275 1169 3358; baseline -0.005 -19"><span class='ocrx_word' id='word_1_251' title='bbox 161 3280 400 3340; x_wconf 84' lang='lat' dir='ltr'><strong>mortificationes</strong></span> <span class='ocrx_word' id='word_1_252' title='bbox 413 3288 565 3350; x_wconf 86' lang='lat' dir='ltr'><strong>externas,</strong></span> <span class='ocrx_word' id='word_1_253' title='bbox 580 3296 653 3358; x_wconf 90' lang='lat' dir='ltr'><strong>quas</strong></span> <span class='ocrx_word' id='word_1_254' title='bbox 672 3281 743 3358; x_wconf 91' lang='lat' dir='ltr'><strong>ipsis</strong></span> <span class='ocrx_word' id='word_1_255' title='bbox 760 3280 853 3358; x_wconf 81' lang='lat' dir='ltr'><strong>magis</strong></span> <span class='ocrx_word' id='word_1_256' title='bbox 868 3275 1046 3355; x_wconf 67' lang='lat' dir='ltr'><strong>indicauerit</strong></span> <span class='ocrx_word' id='word_1_257' title='bbox 1062 3292 1169 3335; x_wconf 79' lang='lat' dir='ltr'><strong>conve-</strong></span> 
     </span>
     <span class='ocr_line' id='line_1_35' title="bbox 160 3357 1168 3441; baseline -0.004 -20"><span class='ocrx_word' id='word_1_258' title='bbox 160 3364 227 3422; x_wconf 85' lang='lat' dir='ltr'><strong>nire</strong></span> <span class='ocrx_word' id='word_1_259' title='bbox 244 3363 405 3424; x_wconf 79' lang='lat' dir='ltr'><strong>seeundum</strong></span> <span class='ocrx_word' id='word_1_260' title='bbox 417 3362 605 3424; x_wconf 86' lang='lat' dir='ltr'><strong>christianam</strong></span> <span class='ocrx_word' id='word_1_261' title='bbox 619 3364 818 3441; x_wconf 87' lang='lat' dir='ltr'><strong>prudentiam.</strong></span> <span class='ocrx_word' id='word_1_262' title='bbox 830 3363 901 3424; x_wconf 86' lang='lat' dir='ltr'><strong>Dico</strong></span> <span class='ocrx_word' id='word_1_263' title='bbox 914 3357 1074 3422; x_wconf 72' lang='lat' dir='ltr'><strong>seeundum</strong></span> <span class='ocrx_word' id='word_1_264' title='bbox 1090 3357 1168 3420; x_wconf 80' lang='lat' dir='ltr'><strong>elari-</strong></span> 
     </span>
     <span class='ocr_line' id='line_1_36' title="bbox 159 3439 1168 3526; baseline 0 -22"><span class='ocrx_word' id='word_1_265' title='bbox 159 3445 291 3506; x_wconf 82' lang='lat' dir='ltr'><strong>stiuuam</strong></span> <span class='ocrx_word' id='word_1_266' title='bbox 302 3445 512 3525; x_wconf 69' lang='lat' dir='ltr'><strong>madentium,</strong></span> <span class='ocrx_word' id='word_1_267' title='bbox 530 3449 671 3525; x_wconf 86' lang='lat' dir='ltr'><strong>quoniam</strong></span> <span class='ocrx_word' id='word_1_268' title='bbox 686 3449 796 3509; x_wconf 86' lang='lat' dir='ltr'><strong>dantur</strong></span> <span class='ocrx_word' id='word_1_269' title='bbox 808 3447 900 3526; x_wconf 89' lang='lat' dir='ltr'><strong>aliqui</strong></span> <span class='ocrx_word' id='word_1_270' title='bbox 917 3444 1079 3505; x_wconf 85' lang='lat' dir='ltr'><strong>directores</strong></span> <span class='ocrx_word' id='word_1_271' title='bbox 1094 3439 1168 3504; x_wconf 81' lang='lat' dir='ltr'><strong>adeb</strong></span> 
     </span>
     <span class='ocr_line' id='line_1_37' title="bbox 160 3527 1167 3612; baseline 0 -26"><span class='ocrx_word' id='word_1_272' title='bbox 160 3529 377 3604; x_wconf 86' lang='lat' dir='ltr'><strong>imprudentes,</strong></span> <span class='ocrx_word' id='word_1_273' title='bbox 389 3532 439 3608; x_wconf 92' lang='lat' dir='ltr'><strong>qui</strong></span> <span class='ocrx_word' id='word_1_274' title='bbox 450 3549 569 3592; x_wconf 89' lang='lat' dir='ltr'><strong>omnem</strong></span> <span class='ocrx_word' id='word_1_275' title='bbox 588 3534 695 3594; x_wconf 82' lang='lat' dir='ltr'><strong>animae</strong></span> <span class='ocrx_word' id='word_1_276' title='bbox 708 3530 1048 3612; x_wconf 86' lang='lat' dir='ltr'><strong>progressumcollocare</strong></span> <span class='ocrx_word' id='word_1_277' title='bbox 1064 3527 1167 3586; x_wconf 90' lang='lat' dir='ltr'><strong>viden·</strong></span> 
     </span>
     <span class='ocr_line' id='line_1_38' title="bbox 159 3609 1164 3736; baseline 0.003 -69"><span class='ocrx_word' id='word_1_278' title='bbox 159 3617 210 3669; x_wconf 88' lang='lat' dir='ltr'><strong>tur</strong></span> <span class='ocrx_word' id='word_1_279' title='bbox 221 3609 253 3671; x_wconf 90' lang='lat' dir='ltr'><strong>in</strong></span> <span class='ocrx_word' id='word_1_280' title='bbox 264 3613 413 3736; x_wconf 85' lang='lat' dir='ltr'><strong>onerando</strong></span> <span class='ocrx_word' id='word_1_281' title='bbox 429 3631 494 3675; x_wconf 86' lang='lat' dir='ltr'><strong>earn</strong></span> <span class='ocrx_word' id='word_1_282' title='bbox 509 3613 649 3694; x_wconf 87' lang='lat' dir='ltr'><strong>jejuniis,</strong></span> <span class='ocrx_word' id='word_1_283' title='bbox 666 3617 788 3692; x_wconf 86' lang='lat' dir='ltr'><strong>ciliciis,</strong></span> <span class='ocrx_word' id='word_1_284' title='bbox 800 3614 963 3696; x_wconf 86' lang='lat' dir='ltr'><strong>disciplinis</strong></span> <span class='ocrx_word' id='word_1_285' title='bbox 975 3611 1164 3690; x_wconf 79' lang='lat' dir='ltr'><strong>sanguineis,</strong></span> 
     </span>
    </p>
   </div>
   <div class='ocr_carea' id='block_1_4' title="bbox 0 0 1329 4167">
    <p class='ocr_par' dir='ltr' id='par_1_5' title="bbox 0 0 1329 4167">
     <span class='ocr_line' id='line_1_39' title="bbox 0 0 1329 4167; baseline 0 0"><span class='ocrx_word' id='word_1_286' title='bbox 0 0 1329 4167; x_wconf 95' lang='lat' dir='ltr'><strong> </strong></span> 
     </span>
    </p>
   </div>
  </div>
 </body>
</html>
