2642 4167
164 220 222 283 mo
405 217 542 276 Examen
554 209 798 275 ordioondormn.
815 214 888 292 Cup.
903 211 933 274 li.

160 313 734 398 131166666661661661666666666666
756 311 804 390 (ut
826 310 941 374 dictum
962 310 1016 390 661)
1037 310 1168 374 odicium

161 403 289 471 omittit,
313 400 442 460 sednon
459 406 578 459 tenetur
598 399 634 456 66
656 397 892 466 restitutionem,
913 404 950 461 ut
967 396 1074 457 docent
1086 401 1167 457 Lens.

167 488 255 568 Vnoq.
271 489 357 548 Cone.
374 484 440 546 Vin.
451 490 482 545 et
492 483 681 546 communior
691 480 833 541 sententio
846 480 957 556 (contro
970 480 1096 559 paucos).
1109 483 1169 540 lla·

160 569 224 640 tio,
248 573 316 647 quin
337 569 419 646 juxto
443 585 632 629 communem
655 566 831 626 sententiam
845 566 994 625 restitutio
1015 565 1167 624 fructuum

160 671 223 713 non
234 652 297 730 jam
316 654 440 726 debetur
455 651 493 711 66
510 651 577 727 jure
593 650 740 724 natu'rrli3
757 649 868 709 fructus
886 648 966 708 enim
980 663 1042 706 666
1056 647 1167 707 duntur

159 755 215 816 pro
232 737 365 797 mercede
383 735 582 806 recitationis,
602 734 652 793 sed
673 749 727 811 pro
741 732 951 793 sustentatione
968 730 1165 802 6666661666,

159 840 226 881 cum
247 839 337 881 onere
356 830 453 879 tumen
474 817 582 888 officii,
603 817 744 893 imposito
762 816 798 875 66
819 816 944 874 Ecclesia
966 815 1012 891 (ut
1025 813 1165 890 diximus)

159 921 195 964 ux
211 907 321 964 motivo
339 903 553 978 religionis30t
571 899 637 960 ideo
659 900 739 959 nullu
759 908 827 960 6616
846 899 956 959 Concil.
971 900 1174 958 [6166666666

158 986 304 1046 restitutio
319 985 553 1064 precipiebatur.
564 985 727 1043 Concilium
742 992 839 1041 nutem
854 983 1070 1041 restitutionem
1086 999 1165 1058 prm·

99 1139 103 1149 Ι
159 1070 230 1145 cipit
246 1069 362 1129 tuntim
382 1068 587 1129 omittentibus
603 1077 670 1145 post
688 1086 739 1126 sex
760 1084 873 1125 menses
894 1065 970 1144 (tit.
992 1066 1022 1125 l.
1041 1083 1074 1124 6.
1091 1066 1161 1127 666.

157 1154 291 1231 61666).
309 1154 355 1212 06
373 1151 508 1213 eamdem
519 1152 665 1212 rationem
681 1169 742 1210 666
755 1159 873 1210 tenetur
884 1149 920 1210 66
932 1149 1160 1220 restitutionem,

157 1237 209 1312 qui
227 1238 337 1298 omittit
357 1236 445 1299 officii
468 1234 672 1296 recitationem
693 1235 755 1293 sinc
777 1235 891 1310 culpus
916 1235 1004 1310 quin,
1026 1231 1095 1295 licet
1114 1232 1162 1311 (ut

157 1319 268 1379 dictum
282 1329 325 1381 661
346 1339 380 1380 6.
396 1321 444 1379 61.
459 1318 493 1379 in
509 1317 579 1397 fin.)
598 1318 747 1377 restitutio
764 1326 832 1378 unte
850 1335 969 1377 omnem
984 1320 1162 1391 sententium

156 1402 353 1474 1666666611,
366 1410 466 1463 temen
482 1401 621 1479 cumipse
634 1403 668 1462 in
679 1418 796 1479 pmnom
809 1410 952 1479 precepta
965 1402 1004 1460 sit
1015 1441 1024 1468 ,
1037 1400 1161 1462 omnino

156 1486 271 1562 culpam
284 1487 428 1563 requirit,
442 1497 478 1545 ut
500 1485 579 1545 recte
597 1484 700 1545 dicunt
716 1487 793 1545 Lens.
813 1482 921 1544 86666.
939 1485 1024 1546 Cone.
1039 1484 1113 1544 Viuo
1129 1495 1161 1546 et

156 1568 206 1628 ulii
225 1569 432 1645 communitis,
455 1577 556 1631 contro
575 1587 683 1647 paucos
701 1565 735 1645 (l.
756 1568 805 1628 cit.
821 1588 854 1627 6.
877 1568 970 1645 666).
990 1569 1101 1628 Pariter
1119 1571 1160 1632 nb

156 1654 289 1715 eumdem
298 1655 442 1714 rationem
452 1654 646 1714 subdiaconus
657 1653 833 1713 beneficium
843 1650 954 1713 666666
967 1696 975 1722 ,
990 1653 1013 1712 si
1028 1651 1161 1717 officium

156 1739 284 1807 omittit,
306 1756 401 1798 unum
428 1735 545 1797 tantum
571 1737 730 1797 committit
758 1746 928 1813 peccatum,
954 1734 1021 1795 cum
1040 1754 1076 1795 ex
1095 1755 1160 1799 uno

156 1822 267 1881 motivo
280 1820 431 1899 religionis
443 1821 480 1880 66
496 1820 568 1880 illud
590 1830 724 1880 tenentur
741 1818 815 1899 (tit.
830 1822 859 1879 6.
874 1838 905 1879 6.
919 1819 986 1879 tlt.
998 1820 1054 1893 Qu.
1063 1819 1117 1896 1.).

193 1906 244 1964 66.
257 1938 295 1949 -
308 1905 411 1964 nubit.
425 1904 455 1964 l.
469 1922 506 1964 66
525 1912 661 1965 teneatur
670 1904 708 1963 66
728 1901 856 1964 officium
868 1902 1070 1964 beneficiarius
1081 1947 1091 1974 ‚
1103 1905 1160 1982 qui

153 1989 266 2050 fructus
281 2007 342 2049 uun
359 1990 509 2069 percipit?
523 1987 645 2049 Minime
655 1998 792 2060 tenetur,
808 1988 832 2047 si
848 1989 912 2066 ipse
928 2007 988 2048 666
1007 1989 1162 2067 negligen-

153 2080 200 2133 166
219 2090 250 2131 66
262 2074 383 2150 gesserit
405 2072 438 2131 in
455 2073 514 2132 illis
530 2071 691 2155 exigendis.
702 2072 827 2150 Excipe,
846 2072 903 2132 nisi
916 2072 982 2151 ipse·
996 2074 1027 2132 in
1040 2089 1160 2149 poennm

153 2154 276 2232 alicujus
293 2155 427 2215 criminis
439 2156 477 2215 sit
493 2156 638 2215 fructibus
653 2153 733 2232 juste
752 2157 882 2233 privatus
894 2177 904 2232 3
917 2157 964 2216 vel
978 2156 1034 2215 uisi
1048 2163 1160 2218 certum

152 2256 234 2316 spem
256 2230 361 2297 hubc'st
380 2238 559 2317 percipiendi
580 2240 647 2299 illos
665 2240 854 2317 sequentibus
867 2242 952 2299 onnis
972 2238 1048 2319 (tit.
1071 2240 1101 2300 l.
1121 2260 1165 2313 6.ι

105 2329 108 2338 ¹
152 2323 246 2400 tut).
258 2322 345 2395 Quid*
354 2323 379 2380 si
396 2322 434 2382 de
452 2322 595 2384 beneficio
608 2324 644 2382 lis
657 2327 809 2384 vertatur?
821 2321 907 2401 Resp.
921 2325 946 2383 si
963 2322 1160 2385 beneficiurus

152 2404 284 2466 nondum
304 2407 448 2484 occeperit
471 2406 551 2467 illius
574 2406 785 2485 possessionem
798 2450 806 2480 ‚
821 2425 881 2467 666
897 2416 1014 2468 tenetur
1033 2408 1071 2468 66
1091 2408 1161 2470 offi-

152 2492 250 2560 cium,
263 2491 318 2551 nisi
329 2509 383 2569 per
395 2491 494 2569 ipsum
511 2498 569 2551 stet
589 2491 662 2570 quin
673 2490 772 2552 stetim
790 2491 999 2568 possessionem
1014 2490 1161 2571 adipisce-

151 2581 211 2634 tur.
235 2573 265 2633 Si
282 2573 352 2634 verti
371 2572 434 2650 jam
455 2575 620 2653 occeperit,
638 2582 756 2634 tenetur
771 2592 837 2633 6666
859 2591 918 2652 quo
938 2593 1020 2653 spem
1043 2583 1159 2638 certum

151 2654 273 2800 habentia
278 2655 414 2719 vincendi
432 2658 533 2731 litem,
558 2657 641 2719 66666
658 2658 682 2718 si
703 2656 787 2718 sitin
806 2655 898 2718 dubio
918 2654 951 2735 (l.
977 2678 1002 2717 6.
1025 2676 1058 2718 6.
1083 2661 1156 2720 666.

150 2758 179 2800 6.
195 2739 254 2816 Qu·
286 2740 349 2818 66).

189 2825 401 2886 67.-116661.
416 2827 447 2886 ἰ).
457 2843 495 2885 66
508 2833 643 2886 tenentur
658 2823 696 2884 66
705 2824 835 2884 officium
854 2823 964 2884 666666
978 2824 1159 2889 beneficium

152 2911 262 2968 tenue?
273 2908 328 2967 Alii
343 2908 510 2984 affirmant3
524 2908 572 2967 scd
584 2907 632 2968 alii
646 2908 746 2986 plures
762 2917 886 2985 negant,
905 2918 938 2967 ut
949 2905 1028 2968 Lens.
1044 2908 1157 2970 Sancti.

149 2989 387 3073 diuidendo-rap.
397 2987 639 3069 Rodriqdllolfes.
650 2987 789 3051 Peltizct
799 2993 848 3049 alii
860 2992 945 3068 3quin
955 3002 1042 3050 tenuc
1050 2992 1160 3052 beneti-

150 3076 228 3135 cium
241 3094 276 3134 cx
288 3077 348 3136 616
360 3076 416 3152 cui,
426 3074 461 3136 de
469 3072 615 3153 6666666.
625 3073 658 3133 in
668 3075 844 3135 iiutverum
854 3075 1028 3134 beneficium
1039 3091 1097 3134 666
1106 3073 1161 3136 ha·

149 3160 246 3219 betur.
259 3158 564 3233 Dicuntnutem‚illud
574 3167 634 3218 esse
645 3166 733 3218 tenue
742 3158 1076 3236 beneficiumquodnon
1085 3175 1160 3237 pcr-

150 3244 238 3319 tingit
253 3244 290 3303 66
307 3247 424 3304 tertium
437 3252 550 3321 partem
562 3244 780 3305 sustentationis
790 3241 865 3321 (tit.
881 3243 911 3302 l.
923 3260 956 3301 6.
972 3240 1064 3317 tlt).

187 3328 237 3386 68.
254 3360 292 3371 -
305 3329 409 3388 Dubit.
423 3329 451 3393 5.
469 3345 507 3387 66
530 3326 735 3386 beneficiarius
755 3326 832 3387 mule
849 3324 1015 3403 expendens
1037 3327 1162 3390 tronus

148 3408 283 3470 beneficii
295 3421 428 3473 tenentur
438 3411 475 3472 66
487 3412 729 3472 restitutionem?
742 3412 844 3470 Plures
854 3428 956 3489 366666
967 3412 1032 3470 DD.
1046 3410 1162 3488 probu-

94 3537 96 3541 ,
149 3489 250 3548 uiliter
265 3504 388 3571 negant,
402 3505 437 3556 ut
447 3497 479 3557 S.
494 3495 683 3564 Antoninus,
697 3495 777 3555 Leon.
791 3490 1159 3571 66666666661686666,

90 3625 95 3634 ,
150 3573 180 3624 et
193 3571 243 3629 clii
263 3590 331 3633 cum
350 3577 383 3637 S.
407 3576 461 3639 rt.
481 3577 524 3655 (2.
541 3580 571 3640 2.
592 3597 623 3659 q.
643 3580 712 3641 285.
726 3587 785 3640 nrt.
799 3577 841 3658 7.)
852 3580 903 3656 qui
920 3579 961 3638 ait
980 3576 1160 3657 pretendas
