2642 4167
161 227 217 289 lli
348 220 483 301 Epitome
495 220 634 282 duritiae·
649 217 771 281 litoralis
785 228 812 280 el
823 218 970 282 calceatae

65 319 69 330 “
160 342 227 386 uem
253 323 431 393 tloutcrint,
456 322 567 400 quique
594 320 830 383 institutionibus
851 317 930 378 hisce
947 313 1161 387 interfuerint,

158 410 246 473 telins
268 408 383 486 quoties
400 407 553 468 lucrantur
576 405 790 484 indulgentiam
810 413 923 481 reptem
944 414 1114 485 annorum,
1133 410 1163 461 et

159 493 282 553 totidem
307 492 526 569 quadragenas,
544 490 707 551 dummodo
735 487 807 548 rere
833 488 1009 564 prenitentes
1027 486 1164 552 eiut,'ae
1224 514 1244 549 ’.

159 577 243 637 suerri
258 576 467 635 communione
482 575 582 655 reiecti
600 595 608 632 ε
624 576 725 633 Const.
743 568 1006 646 Quemadmodum.
1020 570 1095 627 item
1112 570 1163 645 qui

158 658 190 719 td
205 660 395 737 prestiterim
408 657 544 727 assidue,
561 658 651 717 semel
666 656 790 732 singulis
807 650 973 719 aiensibus,
988 652 1057 711 urere
1069 654 1164 730 poeai·

158 750 270 809 tentes.
289 743 409 803 etrum
422 743 630 802 cornmonione
647 742 770 809 reiecti,
786 749 888 814 cipro
905 747 1044 799 consueto
1066 738 1165 796 indul·

159 827 324 903 gentiarum
343 844 425 884 more
441 834 576 891 uirtutes,
601 824 763 901 plenariam
781 822 995 898 indulgentiam
1010 821 1164 880 animabus

160 912 247 969 etiarn
269 910 428 988 purgatorii
447 909 650 985 applicabilenr
667 909 804 983 consequi
819 913 952 983 possunt.
965 903 1051 977 Quod
1062 905 1164 963 itidem

160 992 289 1052 obliniri
309 994 345 1049 nli
364 992 398 1050 iis
422 1001 537 1070 potest.
560 993 610 1068 qui
633 988 767 1068 quotidie
787 998 849 1048 toto
869 1005 968 1047 rneuse
984 1006 1043 1046 uno
1060 989 1164 1048 nattam
1189 1012 1195 1020 “

160 1074 418 1152 horoequadraule
437 1076 562 1134 orationi
589 1077 709 1133 mentali
735 1091 856 1153 operum
883 1071 1050 1138 dederunt,
1077 1071 1166 1131 duru-

159 1159 248 1221 medu
260 1159 321 1217 rint
334 1158 403 1219 vere
423 1160 598 1238 prenitentes
609 1170 639 1218 el
652 1160 773 1219 confessi
790 1202 798 1226 ,
817 1175 850 1216 oe
864 1156 943 1215 suuni
953 1155 1167 1217 commuuione

158 1244 280 1307 reiecti.
297 1253 329 1302 et
350 1244 499 1303 oraverint
521 1262 574 1323 ptn
593 1243 769 1313 concordii,
789 1252 846 1301 ete.
858 1244 1042 1318 Quapropter
1062 1243 1167 1302 suadet

160 1327 312 1397 Pontifex,
329 1337 362 1389 ut
379 1328 513 1406 Episcopi
530 1329 686 1402 injungant
705 1328 827 1405 singulis
839 1326 1052 1404 praecipuarum
1069 1326 1166 1383 Eccle-

160 1413 270 1472 siurum
284 1413 445 1489 praepostus
464 1413 494 1471 iu
508 1413 692 1479 civitatibus,
708 1425 733 1471 et
750 1409 872 1489 singulis
886 1407 1019 1487 parothio
1035 1410 1066 1468 in
1082 1411 1166 1488 oppl-

162 1498 225 1568 ὥς,
246 1506 278 1556 ut
291 1497 372 1556 certi
393 1498 450 1556 diei
465 1495 537 1557 homi
559 1497 594 1555 ad
613 1516 760 1575 cumpaaae
778 1513 883 1554 sonum
900 1496 1025 1553 invitem
1040 1496 1164 1558 iideleS.

158 1582 221 1643 sire
232 1592 264 1641 ut
282 1582 312 1641 la
326 1581 480 1640 uoetastnm
495 1581 531 1640 ad
550 1581 606 1641 hoe
619 1583 790 1641 exercitium
801 1581 977 1638 conveniant
989 1622 997 1648 ‚
1011 1580 1077 1638 sire
1089 1589 1122 1638 ut
1135 1579 1166 1638 iu

161 1666 301 1745 prirutim
318 1667 348 1724 in
361 1665 506 1727 dontibus
526 1675 677 1745 praestent.
1027 1690 1029 1697 s
1075 1664 1079 1672 '

200 1751 388 1809 l‘erctnorum
402 1750 549 1809 orontium
562 1752 617 1823 trin
631 1759 701 1808 sunt
718 1765 835 1827 genera
849 1748 907 1807 atti
924 1747 1033 1808 scilieet
1046 1748 1077 1807 in
1086 1757 1166 1808 siaiu

160 1835 268 1912 peccati
284 1834 415 1892 mortalis
434 1834 545 1911 degunt
557 1843 587 1892 et
602 1853 633 1893 sc
646 1835 770 1893 eredunt
781 1834 942 1900 contritos,
957 1834 1093 1910 quamvis
1107 1851 1166 1892 nou

159 1922 237 1992 sitit3
255 1934 358 1975 eorum
377 1917 471 1976 oratio
488 1915 544 1977 riti
558 1917 788 1978 institutailleu
807 1918 973 1975 cuncutitur.
989 1917 1045 1974 atti
1066 1918 1168 1976 dolcat

160 2002 279 2081 quidem
298 2003 335 2061 de
354 2014 491 2081 peccato,
516 2004 566 2062 sed
587 2023 645 2063 noa
668 2005 707 2062 ita
728 2003 866 2062 nioben
885 2019 915 2058 se
935 2002 1114 2077 experliant3
1135 2000 1166 2059 lti
1195 1992 1200 2000 ’

159 2086 231 2149 reid
243 2131 251 2155 ,
265 2095 299 2145 ut
311 2088 404 2160 eniti,
418 2096 452 2147 'nc
463 2106 494 2147 ee
513 2088 637 2148 liberare
654 2091 791 2157 valeant,
812 2089 834 2146 si
858 2086 926 2145 ideo
949 2088 1042 2144 Deum
1061 2088 1166 2164 depre-

160 2180 282 2237 centur,
308 2188 341 2228 ea
358 2172 459 2231 saltem
478 2173 703 2250 impetrabunt,
727 2191 793 2250 quoe
805 2171 840 2229 ad
863 2182 1003 2230 oeteranat
1017 2189 1098 2229 surim
1118 2189 1167 2251 suf

159 2259 252 2318 lutem
264 2254 424 2332 pertinent.
437 2256 510 2314 Sunt
527 2256 644 2315 taudem
665 2258 716 2334 qui
735 2276 787 2315 aec
799 2256 897 2315 dolent
910 2256 948 2313 de
959 2266 1092 2333 peeeuto,
1109 2272 1166 2313 aec

158 2341 314 2401 enituntur
328 2346 361 2396 ut
372 2336 389 2396 ὸ
402 2347 477 2397 statu
496 2340 549 2398 illo
566 2352 694 2410 exeunt,
716 2339 776 2399 imi)
791 2359 844 2399 nec
857 2340 961 2398 uolunt
973 2361 983 2412 3
997 2339 1019 2396 si
1038 2339 1109 2414 quid
1121 2337 1167 2395 illi

158 2424 299 2503 petierint
311 2419 327 2481 l
340 2423 404 2481 Deo
417 2423 462 2481 vel
478 2424 648 2501 spirituale,
666 2424 712 2483 vet
727 2425 890 2502 temporale
902 2466 911 2496 ,
924 2421 993 2482 rard
1008 2422 1169 2482 exaudiun-

160 2519 222 2570 tur.
235 2509 280 2569 ltu
295 2506 465 2569 uniamur.
479 2508 577 2583 instit.
591 2510 700 2569 Eeelcs.
714 2512 762 2570 on.
778 2527 809 2567 a.
824 2509 873 2568 tu.

442 2677 666 2738 ouiroutuli
679 2679 885 2738 rutvtuttu.

197 2847 263 2905 Noa
280 2844 413 2904 obstante
425 2845 543 2905 decreto
557 2844 711 2906 Clementis
724 2847 759 2906 X
759 2849 783 2906 1.
797 2847 891 2907 ineest
903 2848 1053 2926 Episcopis
1063 2851 1168 2925 altorio

159 2931 294 3007 erigere,
319 2930 420 3007 ibique
445 2930 615 3005 celebrare,
639 2933 686 2990 rel
710 2933 850 2990 celebrari
875 2933 969 2991 iacere
997 2943 1080 2993 extra
1101 2953 1170 2995 suas

159 3013 305 3074 demusin
326 3013 465 3073 dontibus
479 3014 642 3089 laieorum,
668 3016 788 3093 quaudo
803 3017 842 3075 ibi
861 3026 951 3095 agunt
968 3035 1022 3092 per
1043 3018 1169 3077 tnodnm

158 3096 347 3157 habitationis
360 3141 368 3167 ,
381 3099 472 3156 veluti
493 3101 516 3157 si
538 3099 576 3156 ibi
594 3108 665 3158 suut
683 3102 833 3158 oraasione
847 3101 1043 3171 unitationis,
1060 3103 1105 3159 vel
1118 3103 1171 3160 iti-

158 3182 238 3238 neris
251 3223 259 3250 ,
276 3182 323 3240 vel
335 3179 463 3258 hospitio
483 3182 592 3241 ibidem
606 3185 727 3258 recepti.
739 3186 839 3243 Const.
851 3187 964 3261 Mopno
980 3201 1048 3242 cum
1060 3183 1169 3242 enimi.

197 3266 208 3322 l
214 3265 366 3336 adulterii,
379 3284 477 3325 coram
495 3266 603 3344 quilius
617 3268 759 3326 celebrari
779 3277 874 3345 potest
885 3270 971 3327 missa
986 3269 1015 3325 in
1030 3272 1171 3329 oratoriis

158 3347 297 3424 privatis,
312 3358 381 3407 sunt
399 3350 459 3423 itit,
473 3351 524 3427 qui
543 3352 736 3410 nominantur
758 3351 790 3409 in
808 3354 929 3425 fronte,
948 3369 998 3410 scu
1016 3351 1047 3409 in
1062 3353 1172 3412 inseri·

158 3428 258 3501 ptione
274 3431 393 3505 mortim
412 3433 472 3491 illis
499 3439 558 3493 n'on
583 3435 798 3511 praesentibus,
823 3438 909 3495 missa
935 3434 1078 3494 celebrari
1104 3454 1169 3495 uon

158 3517 263 3598 potest..
279 3511 353 3570 ibid.
367 3512 393 3590 §.
408 3517 455 3573 ld.
471 3518 519 3574 45.

192 3587 226 3639 'Sa
242 3597 337 3648 tamon
352 3594 382 3650 in
401 3613 525 3672 corporo
538 3602 638 3660 uaeris
657 3603 829 3662 nominatur
844 3603 971 3680 uliquis,
989 3620 1087 3663 coram
1107 3622 1171 3680 quo
