2642 4167
440 225 486 285 De
503 220 654 306 irmodatia
672 225 812 294 11111110,
826 230 877 284 etc.
1124 192 1172 291 75*

157 327 270 392 nulfus.
280 325 341 388 Nec
351 323 458 386 suflicit
471 325 588 403 copula,
603 332 637 384 ut
647 325 697 384 alii
712 326 831 396 dicunt,
849 325 937 386 etium
955 325 1162 390 1111111111τί-

154 412 208 472 tali
229 408 342 469 liubila.
361 404 440 468 nent
453 416 558 467 tamen
583 410 651 468 satis
674 409 733 469 erit
753 408 874 468 dicere:
892 411 1035 471 Nostram
1059 410 1160 494 conjac-

151 513 240 577 grunt
254 489 423 553 inualidum
437 487 501 570 suit
513 489 548 551 ab
562 490 723 571 qeramdam
734 492 988 555 dreamstantiom
1000 493 1084 574 (dirm
1099 512 1160 558 nou

151 588 198 638 est
216 576 357 654 obligatio
371 573 574 636 manifestandi
597 578 768 652 qualitatem
785 577 1023 657 impedimenti),
1043 596 1160 640 reacce-

147 680 221 728 maa
231 678 414 723 consensum.
426 661 485 719 Aut
494 680 503 720 ε
513 660 631 741 quotide
648 668 675 721 11
688 658 785 731 daci,
799 680 861 723 aon
873 660 966 725 111111·
980 681 1084 726 ceram
1095 683 1160 726 coa·

147 765 270 809 1111111111
292 746 374 823 (nam
397 762 553 804 consensus
575 746 695 814 nullus,
715 763 778 806 non
801 757 845 806 est
866 766 954 807 rarus
978 750 1158 826 consensus).

149 836 213 898 Arre
227 852 236 890 ι
252 833 316 911 Epo
332 826 454 890 dubium
466 828 556 890 babeo
575 828 611 891 dc
631 827 730 892 calore
753 831 849 892 nostri
870 833 1069 908 matrimonii,
1083 832 1161 894 aude

147 916 259 978 iteraim
270 912 489 975 contrahamus.
502 915 576 987 Quia
588 914 659 975 tun‘e
670 934 828 977 consensus
837 960 846 989 ,
855 919 906 995 qui
920 928 1086 997 prostatus,
1097 918 1160 996 jam

148 1001 168 1062 ir
184 1000 278 1081 priori
300 1017 359 1059 non
376 998 533 1077 dependet.
547 1000 660 1062 Verium
672 1045 681 1072 ,
693 1001 812 1080 quando
823 1001 953 1079 prudens
966 1003 1056 1064 timor
1066 1012 1158 1074 esset,

148 1104 190 1146 ne
210 1085 344 1164 profatos
363 1083 465 1143 modos
482 1082 649 1146 adhibendo
671 1085 825 1164 patefieret
840 1086 973 1159 crimen,
987 1095 1018 1147 et
1031 1087 1159 1166 periculo

146 1171 297 1231 instarent
316 1168 467 1238 rixarum,
485 1169 631 1239 infamiae,
647 1178 701 1230 aut
711 1169 838 1230 scandali
850 1214 858 1241 ,
872 1180 904 1231 ct
915 1171 981 1232 rice
993 1174 1075 1232 versa
1089 1189 1160 1233 con·

145 1253 206 1331 jrrx
225 1252 431 1331 impedimenti
449 1253 581 1313 conscius
599 1271 660 1314 non
682 1260 779 1333 posset
797 1255 929 1314 excusari
947 1253 963 1314 i
979 1254 1079 1316 debito
1092 1255 1161 1316 red·

147 1336 273 1408 dendo,
292 1343 385 1408 tunc,
405 1338 524 1397 macuti
545 1335 609 1415 jam
633 1338 870 1416 dispensatione,
892 1336 1019 1410 suffieit,
1041 1348 1075 1399 ut
1097 1340 1160 1418 ipso

147 1430 255 1500 utatm
275 1420 376 1499 aliquo
399 1437 436 1480 ex
456 1421 551 1481 modis
573 1421 661 1501 sopri
683 1423 804 1498 relatis3
826 1423 974 1500 etiamque
996 1422 1103 1483 sufficit
1127 1429 1161 1482 ut

150 1506 218 1580 ipae
233 1506 314 1566 solus
336 1522 510 1567 consensum
527 1516 639 1585 ponat,
659 1506 728 1569 ciun
751 1508 844 1587 possit
864 1507 896 1567 in
918 1507 968 1567 tuli
990 1507 1160 1568 necessitate

147 1588 235 1666 sequi
248 1589 426 1650 scntmtiam
438 1631 447 1661 ‚
460 1605 526 1668 qua
541 1590 626 1651 docct
639 1591 715 1654 bend
726 1589 865 1669 conjungi
884 1590 921 1649 ad
935 1590 1161 1651 matrimonium

148 1672 402 1733 convalidandum
417 1690 591 1734 consensum
605 1692 693 1735 suum
706 1693 774 1735 eum
786 1690 927 1734 consensu
940 1672 977 1733 ab
989 1673 1074 1732 initio
1085 1689 1162 1749 prar-

150 1755 256 1816 atitoi
272 1766 357 1835 parte
374 1755 544 1833 ignorante,
562 1759 613 1835 qui
635 1775 690 1837 per
708 1756 960 1818 continuationem
973 1753 1043 1814 usas
1057 1754 1161 1816 matri-

148 1839 267 1912 monii,
285 1848 338 1902 aut
355 1838 577 1903 cohabitationis
595 1842 762 1903 virtualiter
780 1847 947 1920 perseverat
964 1838 1043 1918 (m).

193 1923 244 1983 86.
259 1924 289 1984 Si
302 1932 401 1984 autem
417 1926 564 2003 penitens
579 1923 702 1987 baberet
715 1924 960 2003 impedimentum
972 1923 1158 2003 impediens,
1222 2000 1225 2006 Ι

147 2008 264 2069 scilicet
275 2007 311 2067 ad
333 2026 393 2070 non
406 2009 567 2087 petendum
579 2011 714 2071 debitum
727 2055 735 2082 ‚
747 2011 831 2070 causi
853 2011 965 2088 copula
975 2008 1081 2070 habitae
1090 2028 1159 2072 curu

147 2095 369 2169 consanguinea
389 2095 422 2153 in
435 2096 562 2156 meando
579 2096 674 2174 gradu
695 2113 755 2155 sue
769 2095 867 2155 uxoris
883 2139 891 2166 ,
909 2093 957 2155 bic
969 2094 985 2155 i
999 2094 1050 2155 tali
1064 2094 1160 2173 impe-

147 2177 285 2239 dimento
298 2178 372 2237 solvi
383 2177 491 2250 debet,
505 2181 551 2239 vel
563 2178 580 2240 1
592 2182 623 2241 S.
638 2181 857 2240 Poenitentiaria
870 2222 879 2251 ‚
892 2179 940 2239 rel
954 2177 991 2238 ab
1004 2179 1157 2257 Episcopo,

147 2269 207 2321 aut
221 2261 258 2319 ab
281 2261 381 2339 aliquo
406 2262 582 2324 confessario
603 2264 731 2342 regulari
749 2265 801 2341 qui
827 2265 994 2324 facultatem
1018 2260 1159 2323 habeatd

147 2344 273 2422 prealato
284 2346 328 2403 sui
344 2346 512 2406 monasterii
521 2346 571 2424 (t.
583 2365 610 2408 1.
623 2366 655 2407 o.
665 2348 752 2407 1076.
763 2349 956 2428 clampre).
966 2347 1022 2430 Sed
1033 2347 1056 2404 si
1069 2346 1158 2423 paeni·

149 2438 222 2489 tens
232 2429 376 2506 ignoraret
392 2430 486 2508 legem
497 2432 719 2492 ecclesiasticam
729 2475 737 2502 ,
749 2450 814 2510 quae
825 2433 902 2491 ultra
915 2431 1045 2491 divinam
1055 2428 1160 2506 hujus·

147 2510 236 2574 modi
253 2513 399 2571 incestum
424 2512 580 2591 prohibet,
599 2527 670 2576 tune
686 2534 746 2576 non
770 2517 897 2576 incurrit
912 2515 1158 2592 impedimentum

147 2593 231 2673 (Lat.
248 2597 321 2657 611.
343 2598 441 2674 1070.)
454 2619 465 2675 3
480 2600 615 2676 quinimo
632 2601 747 2660 etiamsi
765 2601 859 2676 legem
879 2599 983 2664 sciret,
1001 2596 1052 2655 sed
1071 2595 1159 2655 talem

148 2681 303 2755 ignoraret
317 2698 455 2758 prauam,
473 2685 561 2743 etiam
571 2694 615 2744 cst
626 2683 778 2761 probabile
790 2725 799 2753 ,
817 2679 898 2758 qtrdd
909 2697 973 2737 curn
988 2696 1047 2738 non
1059 2678 1159 2737 incur·

148 2771 201 2824 rat
215 2759 287 2842 (1.1.
301 2783 334 2823 a.
348 2763 447 2844 1071.)
455 2810 465 2840 ,
478 2769 581 2827 saltem
596 2769 619 2827 si
632 2765 796 2844 periculum
814 2770 906 2836 exstet
919 2760 1157 2831 incontinentia,

151 2848 372 2927 relinquendus
383 2859 427 2911 est
439 2854 585 2928 praenitens
596 2853 626 2912 in
639 2868 691 2909 sua
705 2850 781 2909 bona
798 2848 869 2908 fide.

190 2934 241 2994 87.
255 2936 398 2994 Nutcnrus
411 2932 459 2995 hic
474 2936 613 2995 formulas
627 2934 665 2995 ad
686 2934 877 2995 obtinendam
893 2931 910 2993 l
926 2933 957 2994 S.
970 2930 1160 2992 Paenitentia·

147 3016 197 3077 ria
209 3017 455 3096 dispensationem
473 3020 505 3078 in
522 3020 650 3099 prefatis
663 3019 905 3097 impedimentis,
925 3035 1040 3079 necnon
1061 3014 1158 3089 rotis,

147 3110 205 3161 aut
222 3101 497 3180 irregularitatibus.

192 3186 273 3249 Circa
286 3185 501 3266 impedimenta
517 3190 700 3250 matrimonii
714 3234 722 3258 ,
736 3187 817 3249 intirs
838 3188 881 3249 sic
895 3187 1059 3248 scribatur:
1073 3181 1160 3245 Emi·

149 3268 322 3333 umtiasimc
340 3270 773 3336 ecneecreadmimeuomtnc.

189 3356 231 3417 N.
246 3356 289 3417 N.
311 3372 375 3416 ram
390 3354 497 3418 bobait
512 3375 578 3417 enan
596 3356 728 3438 quadam
749 3353 892 3427 muliere,
912 3362 941 3415 et
953 3363 1055 3436 postea
1068 3371 1158 3435 apoa·

149 3436 229 3501 salio
237 3438 391 3503 contraxit
406 3458 473 3500 1111
482 3440 546 3522 ejus
558 3459 666 3502 sorore.
682 3440 927 3522 impedi-mentam
939 3446 982 3499 est
994 3435 1156 3508 occultam,

149 3531 181 3584 ct
195 3523 226 3586 ai
240 3521 414 3603 conjugium
444 3540 505 3584 oon
526 3522 629 3603 ficret,
648 3520 738 3605 pluro
751 3524 899 3585 evenirent
915 3520 1066 3583 sccrtdola.
1081 3524 1158 3602 Sap·

148 3605 243 3687 placat
260 3607 326 3673 ideo
337 3608 488 3671 Erttt'neat.
508 3608 544 3670 V.
562 3607 1046 3690 1101111111111111111111111111
1066 3624 1158 3667 couce-
