2642 4167
401 229 452 289 Ee
464 226 598 309 opo-toas
611 226 762 288 Benedicti
771 227 861 291 XIV.
1075 232 1131 295 535

34 395 36 399 ,
134 328 186 389 dos
203 324 459 398 noa'catcorctor,
470 336 506 388 ut
524 346 560 388 ar
578 327 695 388 decreto
713 325 801 388 ctam.
820 330 907 390 ΠΗ.
923 331 958 389 ln
973 327 1029 389 hoc
1045 347 1130 404 casu,

133 429 192 490 quo
209 410 346 490 synodus
365 415 433 489 post
452 430 563 472 annum
584 411 707 489 apriori
725 411 843 488 Synodo
865 430 925 472 non
946 413 1129 488 calciaretur,

132 505 203 556 ωηο
219 497 323 580 sinon
340 497 486 572 supersint
502 497 604 556 saltem
624 514 673 554 sex
692 497 723 555 in
738 497 830 572 priori
842 496 961 574 Synodo
973 497 1131 576 designati,

133 578 368 640 omnium'etinm
381 581 572 658 superstitum
588 598 695 640 munus
711 587 811 638 cessat.
823 581 920 652 Quare
934 590 1004 640 tunc
1019 601 1133 646 ηοοοοοο
1159 642 1160 645 ,

86 730 99 743 ..
131 671 192 735 cst,
203 664 269 723 ntsi
280 671 346 740 pust
356 681 467 724 annum
481 672 638 724 concursus
657 664 693 723 aul
708 673 843 723 vacantes
857 664 1035 725 parochiales
1048 668 1133 728 insti-

133 746 259 807 tuendus
277 747 333 816 sit,
354 756 470 824 petatur
489 747 552 806 iS.
568 750 601 806 C.
621 747 759 814 facultas,
782 758 818 807 ut
832 749 900 807 novi
920 760 1132 811 examinatores

123 839 213 914 ‚extra
232 831 383 909 Synodum
401 832 601 910 deputentur3
620 851 687 908 quac
706 831 827 891 facultas
844 832 868 890 si
886 832 1074 906 obtineatur,
1087 833 1133 896 uti

130 933 248 994 semper
265 916 432 987 obtinetur,
448 926 518 976 ωηο
529 917 687 994 Episcopus
699 916 785 974 debet
803 934 876 993 quos
888 916 1049 994 designavit
1063 937 1132 996 pro-

131 1016 245 1077 ponere
261 998 396 1077 Capitulo
415 999 431 1058 i
450 999 561 1076 majore
577 999 707 1074 ejusdem
728 1009 810 1077 parte
822 1001 1035 1077 approbandos.
1047 1004 1132 1082 Capi·

130 1083 231 1142 tulum
252 1081 323 1141 ucri
340 1091 458 1142 tenetur
478 1083 544 1141 illos
565 1084 747 1160 approbare,
761 1083 785 1143 sl
802 1081 929 1145 habeant
949 1086 1131 1163 qualitatcsi

130 1166 216 1226 Trid.
235 1167 398 1243 rcqaaisitas.
412 1167 488 1227 ibid.
503 1186 534 1225 η.
551 1169 599 1226 tt).

168 1252 389 1313 Examinatores
405 1250 613 1328 congruentiis
629 1250 765 1327 suffragia
780 1251 881 1311 ferunt
891 1252 987 1331 palium
1000 1272 1132 1315 commo*

128 1336 258 1397 nicando
276 1352 373 1395 seeum
396 1336 539 1411 inuicem,
565 1342 629 1394 tum
650 1335 807 1394 indicendo
830 1340 944 1397 notario
966 1337 1062 1413 hunc,
1084 1339 1131 1397 vel

126 1422 214 1482 illum
225 1421 643 1499 esscapprobatum.lnquam
654 1422 1131 1502 sentcntiammuaeestffepuenf,
1192 1468 1194 1471 ,

127 1506 254 1564 inclinat
269 1505 402 1563 Pontifex
419 1508 449 1564 in
463 1504 574 1583 Synod.
587 1505 708 1562 Dioeces.
721 1504 773 1563 lib.
787 1507 817 1564 l.
831 1523 893 1582 cup.
907 1508 937 1565 8.
950 1525 981 1564 η.
996 1508 1026 1564 4.
1175 1571 1179 1581 ,

167 1592 202 1648 ln
215 1588 329 1666 judicio
341 1587 663 1648 examinatorum'nulla
679 1588 735 1646 fert
750 1587 885 1664 suffragia
896 1590 1070 1666 Episcopus,
1085 1591 1131 1650 vel

125 1675 259 1733 vicarius
278 1673 342 1732 loco
360 1673 491 1750 Episcopi
514 1672 691 1749 praesidens,
707 1672 764 1729 nisi
782 1673 813 1729 in
825 1690 891 1730 casu
904 1673 1036 1749 paritatis
1048 1669 1132 1733 votu-

121 1774 215 1827 rum,
233 1756 319 1815 uulsi
336 1756 395 1816 sint
413 1757 589 1834 singularia3
602 1765 672 1814 ωηο
692 1757 771 1813 enim
789 1763 884 1831 potest
894 1758 1052 1834 Episcopus
1065 1759 1132 1835 qui·

123 1839 182 1899 bus
199 1839 349 1901 censuerit
363 1841 495 1919 partibus
510 1839 664 1910 accedere,
677 1838 728 1899 sed
740 1839 795 1898 lroc
808 1847 946 1917 praestaro
961 1841 1048 1901 debet
1061 1851 1132 1903 ωηο

121 1940 227 1987 coram
246 1922 352 1985 iisdem
369 1923 627 1986 examinatoribus.
643 1925 686 1983 lta
705 1941 740 1982 cx
759 1921 881 1983 eante.
895 1923 971 1985 fbid.
986 1943 1017 1986 n.
1032 1928 1062 1986 5.

459 2092 800 2154 Excotlttuutcarto.
816 2128 819 2132 ›

159 2266 190 2328 'A
211 2260 448 2343 quilarscuraqoo
470 2261 599 2321 censuris
617 2263 947 2334 excommunicationis,
966 2265 1131 2342 suspensio·

117 2347 192 2424 nis,
221 2356 254 2407 ct
278 2345 425 2406 interdicti
449 2346 538 2404 etium
560 2347 706 2404 contentis
732 2348 764 2404 in
786 2347 866 2405 liulfi
891 2349 986 2407 Coenoe
1008 2348 1133 2407 Domini

118 2432 282 2494 absolvere
298 2440 393 2509 potest
409 2428 504 2506 major
514 2429 770 2499 renitentiartus,
791 2429 950 2505 Regulares
963 2432 1082 2508 quidem
1099 2433 1130 2490 in

116 2525 258 2595 utroque
280 2515 365 2584 loro,
389 2514 519 2591 reliquos
542 2510 614 2571 vero
638 2512 670 2569 in
691 2511 756 2568 foro
780 2513 964 2574 conscientiae
990 2512 1130 2590 tantiam3

117 2616 310 2679 quamquam
331 2608 361 2657 et
376 2597 442 2656 illos
462 2604 558 2674 potest
577 2595 727 2654 absolvere
749 2594 780 2651 in
800 2603 928 2670 utroque
945 2595 1042 2654 forcia
1061 2614 1131 2656 cen·

112 2684 200 2744 suris
223 2681 351 2761 publicis
375 2678 481 2749 latiali
502 2679 594 2755 jure,
619 2678 785 2755 apostolicae
810 2677 878 2736 Sedi
905 2680 1078 2750 reservatis,
1102 2689 1132 2739 et

113 2769 216 2829 etiam
235 2765 412 2825 nominatim
428 2763 580 2824 declaratis
592 2763 639 2821 vol
662 2762 728 2820 latis
742 2761 917 2821 nominatim
936 2763 973 2820 ab
989 2761 1129 2836 homine,

112 2851 140 2912 si
159 2849 350 2928 expiraverit
364 2847 530 2926 jurisdictio
545 2845 652 2922 judicis
672 2844 826 2927 delegatis
842 2862 901 2922 quo
913 2847 980 2905 latae
991 2846 1129 2918 fuerunt,

110 2935 164 2995 rel
187 2932 316 3012 quando
335 2932 479 2991 absolutio
503 2932 623 2991 remissa
647 2930 737 2988 fuerit
762 2929 797 2986 ad
819 2930 984 2988 Romanum
1006 2930 1130 2989 Pontifi-

51 3019 54 3025 ’
111 3035 209 3088 cem,
239 3016 288 3075 vel
311 3015 431 3092 quando
453 3015 589 3092 proprios
605 3012 718 3090 judices
740 3013 823 3072 adire
845 3014 889 3072 rei
912 3030 972 3072 non
997 3020 1128 3091 possunt.

110 3098 286 3178 obligandi
300 3107 371 3159 sunt
380 3106 481 3158 tamen
491 3098 533 3157 rei
548 3097 596 3156 isti
610 3142 618 3169 ,
637 3107 672 3157 ut
690 3098 865 3156 satisfaciant
883 3098 981 3173 parti,
1000 3097 1129 3172 alioquin

107 3185 265 3244 recidunt
279 3183 311 3242 io
327 3183 461 3243 eamdem
474 3191 638 3242 censuram.
653 3182 684 3240 Si
697 3180 768 3241 veria
782 3180 843 3239 liaeo
857 3181 1010 3240 satisfactio
1021 3179 1037 3238 i
1048 3189 1130 3256 parte

106 3275 300 3337 recusetur,
323 3276 394 3326 ωηο
420 3264 516 3341 major
537 3266 774 3325 Poenitentiar'ius
796 3266 839 3323 illi
864 3264 1031 3342 praesentat
1055 3262 1130 3323 hano

105 3349 371 3424 satisfactionem,
395 3351 452 3426 qua
472 3347 488 3408 i
507 3357 590 3426 parta
611 3350 761 3420 recusata,
785 3347 860 3407 nihil
884 3348 961 3408 ultrlr
984 3347 1130 3425 agendum

96 3442 168 3496 est.
192 3432 286 3493 Bulla
301 3435 410 3493 Pastor
426 3432 528 3493 banau.

148 3519 184 3577 Si
196 3516 365 3594 Episcopus
375 3514 706 3584 excommunicationem
717 3515 845 3590 aliquam
859 3515 959 3575 tulerit
970 3534 1022 3594 per
1035 3516 1129 3594 legem

102 3599 295 3682 perier-alem
304 3601 510 3665 inaura-erulam
524 3599 832 3678 atr-ansgrcssorilurs,
845 3600 1050 3678 dcclarctque,
1063 3601 1129 3660 illos
1200 3654 1204 3660 .
