2642 4167
171 283 229 343 lto
373 282 375 285 ’
441 278 554 340 Plutia
572 276 755 359 consttaaarii.
769 278 842 360 Cap.
857 279 905 339 10.

170 381 207 445 ad
225 398 258 442 se
275 379 472 460 colligendum
486 380 643 441 destinare.
663 379 774 442 Devote
792 380 940 440 celebrare
959 393 1087 441 novenas
1101 376 1180 440 nati·

171 466 270 526 vitatis
288 464 430 536 Domini,
444 463 572 542 Spiritirs
591 464 705 541 sancti,
719 470 834 543 septem
854 462 1044 522 festivitatum
1057 463 1179 535 Mariae,

173 551 204 612 S.
222 547 361 627 toscphi,
381 549 484 627 Angcli
508 549 555 609 sui
575 548 725 620 custodis,
744 557 775 609 ct
794 548 892 608 Sancti
914 546 1057 607 tutelaris.
1076 548 1110 607 ln
1132 546 1182 607 his

175 633 297 694 novenis
311 633 423 713 poterit
439 632 573 711 quotidie
594 633 730 694 accedere
747 631 785 692 ad
805 631 1046 693 communionem
1068 632 1182 692 orando

175 715 376 797 perborum,
401 719 448 778 vel
470 718 574 778 saltem
599 715 759 778 dimidium
783 715 851 796 plois
877 725 1029 776 consueto.
1049 716 1183 794 Recitare

175 804 286 880 aliquas
297 800 519 864 oliasorationea
529 804 658 871 vocales,
671 801 792 862 sednon
806 802 913 862 multas
924 822 933 876 3
943 799 1084 879 quoniam
1094 797 1185 877 longia

176 886 1183 967 meliuseritexcrcdrcdeterminatuurquemdamnumerumactunm

176 973 301 1048 umoris,
318 973 364 1032 vcl
379 973 533 1034 similium.

216 1058 283 1117 171.
301 1058 367 1116 Xll.
388 1056 502 1119 llabdre
513 1056 701 1119 devotionem
712 1057 866 1137 specialem
878 1071 947 1134 erga
959 1055 990 1115 S.
1002 1053 1163 1135 losephum
1170 1098 1181 1130 ,

176 1141 321 1219 Angelum
334 1159 421 1202 suum
436 1141 586 1203 custodem
599 1186 608 1216 ,
621 1136 761 1221 Sanctum
773 1160 861 1203 suum
873 1140 1050 1213 tutelarem,
1064 1150 1096 1202 ct
1106 1159 1184 1219 preo-

177 1223 262 1302 cipud
287 1243 355 1303 erga
380 1224 605 1289 stilichonem
632 1228 830 1288 universalem
851 1234 1025 1287 cunctarum
1050 1224 1184 1285 fidelium

176 1318 335 1387 patronum
349 1331 358 1370 a
373 1310 425 1372 sed
445 1320 513 1372 ante
530 1313 630 1373 omnia
648 1329 718 1391 erga
739 1311 936 1372 beatissimam
954 1308 1108 1386 Virginem
1125 1309 1185 1367 Ma·

177 1394 271 1470 riam,
286 1412 352 1471 quta
371 1394 409 1456 ab
426 1395 552 1455 Ecclesia
573 1403 673 1457 nostra
694 1399 776 1467 vita,
792 1405 823 1457 ct
845 1402 946 1455 nostra
966 1409 1031 1470 sper
1054 1393 1186 1472 appella·

179 1487 249 1553 πυτς
267 1487 311 1537 est
328 1478 409 1541 enim
428 1480 580 1541 moraliter
602 1481 805 1561 impossibile,
823 1488 858 1540 ut
877 1477 977 1538 anima
1000 1476 1133 1537 multllm
1153 1476 1185 1537 in

178 1562 359 1642 perfectione
385 1563 540 1641 proficiat,
565 1563 629 1624 sine
654 1564 849 1643 particulari,
874 1571 905 1622 ct
928 1567 1031 1624 tenera
1056 1560 1186 1640 quadam

179 1645 336 1708 devotione
355 1664 424 1728 erga
443 1649 654 1711 sanctissimam
673 1650 727 1711 Dei
747 1648 938 1713 Genitricem.

548 1821 763 1882 CAPITULUM
778 1821 817 1881 X.

180 1974 226 2035 ne
242 1969 418 2051 quilosdoot
434 1972 555 2033 contritis
574 1973 671 2054 mopia
693 1981 798 2034 violatu
814 1971 913 2054 dipois
933 1971 975 2035 od
993 1972 1187 2051 coiiicssnrios

230 2064 259 2118 ct
275 2053 442 2146 parochos:
455 2075 522 2117 cuia
535 2057 630 2137 praxi
648 2056 772 2120 docermi
790 2058 954 2120 orationem
965 2054 1133 2119 orientalem.

437 2215 463 2298 ς.
482 2219 506 2278 Ι.
526 2218 644 2280 Μοηίια
663 2218 703 2280 od
722 2217 926 2303 confessarios.

219 2409 288 2471 171.
302 2346 371 2472 Ex
393 2404 440 2475 his
463 2423 529 2485 quse
549 2403 687 2484 superius
707 2405 837 2468 diximus
860 2406 1031 2470 annotanda
1050 2415 1122 2469 sunt
1140 2409 1187 2472 hic

181 2497 278 2573 aliqua
299 2492 530 2573 principaliora,
548 2499 579 2553 et
597 2510 664 2571 quae
682 2492 836 2557 advertere
849 2493 937 2558 debet
950 2495 1142 2556 confessarius
1155 2498 1186 2558 in

181 2600 235 2643 ono
254 2579 349 2639 ollicio
368 2576 540 2638 exercendo.
937 2616 939 2619 ,

221 2666 288 2727 175.
305 2665 330 2724 1.
349 2663 425 2749 sinte
444 2662 543 2722 omnia
563 2670 647 2725 curet
668 2681 775 2726 exuna
788 2673 873 2743 parte
889 2683 1036 2727 summam
1048 2664 1187 2728 adhibtrc

91 2757 96 2763 '
182 2749 354 2812 charitatem
375 2749 407 2806 in
427 2748 605 2825 excipiendis
623 2749 844 2829 peccatoribus,
858 2751 954 2828 iisqne
972 2752 1137 2826 animandis
1151 2752 1187 2813 ad

181 2832 389 2896 confidendum
402 2832 545 2891 indivina
562 2834 760 2895 misericordia
773 2854 783 2911 3
795 2852 832 2894 cx
844 2834 936 2894 altera
948 2834 1018 2896 vend
1032 2835 1071 2894 ob
1082 2834 1187 2896 liuma-

181 2937 255 2981 num
278 2926 444 2995 respectum
469 2934 528 2976 non
556 2919 763 2994 praetermittat
788 2919 982 2995 eosiortiter
1004 2919 1185 2994 admonere,

182 3003 329 3080 simulque
341 3000 494 3060 ostendere
510 3000 580 3078 ipsis
595 3011 705 3062 statum
717 3003 969 3080 infelicissimum,
984 3004 1017 3064 in
1030 3015 1089 3082 quo
1102 3023 1187 3085 repc-

181 3089 321 3155 ciuntur,
338 3103 371 3144 ac
389 3085 561 3164 assignando
584 3085 680 3149 media
702 3098 870 3167 opportuna
890 3089 928 3148 ad
949 3107 982 3149 se
1001 3089 1187 3153 liberandum

181 3191 218 3230 ex
235 3170 319 3231 malis
330 3169 478 3229 habitibus
489 3169 551 3246 jam
565 3172 739 3250 contractis;
758 3183 788 3233 et
807 3173 954 3253 praecipue
967 3174 1007 3234 sit
1019 3172 1187 3237 inflexibilis

181 3256 212 3314 in
233 3254 392 3315 differenda
413 3254 524 3314 eisdem
546 3255 751 3328 absolutione,
772 3259 888 3335 quoties
907 3267 1050 3336 oporteat.

74 3398 78 3405 ,
180 3407 183 3410 ‚
220 3339 289 3399 171.
304 3342 343 3400 11.
355 3342 394 3400 Ut
411 3339 574 3420 plurimum
588 3341 750 3419 interroget
765 3344 869 3415 rudes,
882 3340 988 3403 utrium
998 3343 1092 3405 sciant
1104 3345 1186 3423 prin·

181 3423 285 3499 cipalis
294 3424 364 3483 fidei
380 3425 531 3503 mysteria.
540 3425 683 3486 Videatur
695 3427 770 3486 circa
786 3425 842 3488 hoc
855 3427 936 3504 qnod
949 3427 1077 3489 diximus
1088 3447 1121 3488 o.
1133 3433 1183 3493 22.

222 3508 289 3565 illi.
307 3508 359 3565 lll.
378 3509 552 3584 HuJusmodi
570 3510 677 3582 rudos,
690 3518 741 3568 aut
756 3511 829 3570 alios
850 3512 989 3590 neglectae
1002 3513 1184 3575 conscientiae

181 3603 242 3681 non
260 3588 377 3647 omittat
395 3591 578 3671 interrogare
597 3595 673 3654 circa
696 3612 728 3653 ea
738 3639 747 3670 ‚
766 3595 798 3654 in
818 3614 883 3673 quae
894 3595 1078 3675 frequentiis
1090 3598 1185 3662 solcnc

95 3727 98 3734 .
183 3666 333 3746 truderet
352 3674 465 3748 quoties
485 3677 540 3753 ipsi
559 3694 595 3739 ex
614 3696 645 3739 se
663 3696 724 3742 non
745 3679 933 3744 confitentur.
