2642 4167
328 255 357 338 ς.
374 257 423 318 lV.
437 255 556 319 Monito
575 253 651 321 eirca
664 251 770 316 altimo
782 255 981 317 sae-amenta.
1101 257 1158 318 475

188 359 257 422 208.
271 356 412 419 Sacerdos
427 357 519 435 igitur
539 356 580 418 sie
601 354 755 417 infirmum
768 355 956 434 alloquetur:
975 355 1076 417 Frater
1091 359 1156 429 mi,

150 442 218 506 lieet
237 452 288 505 tua
303 442 412 503 sanitas
434 442 551 502 nonsit
570 440 745 519 desperata,
766 440 798 500 in
816 441 947 519 periculo
970 448 1068 502 tamen
1088 452 1155 518 est;

151 527 278 605 ideoque
303 525 450 604 optimum
471 533 540 599 est,
561 534 596 585 ut
620 523 834 603 quantocitius
866 534 950 603 potes
971 570 980 597 ‚
1009 526 1155 587 viaticum

142 613 294 691 'aecipias3
321 628 388 670 nam
414 607 546 690 Christus
576 609 608 670 in
635 609 789 687 pristinam
825 619 855 670 te
881 610 1016 670 restituet
1046 611 1156 672 sanita·

148 704 230 767 tem,
250 696 274 754 si
298 693 355 755 lroe
377 702 436 753 taam
455 702 571 755 aeterum
589 693 675 754 saluti
699 693 861 772 expedierit
878 713 887 771 ;
908 693 932 753 si
958 702 1056 755 tamen
1077 695 1153 756 mori

146 779 257 852 debes,
282 787 383 840 contra
405 777 554 840 diabolum
578 778 610 836 in
638 786 724 837 tuum
747 778 890 837 auxilium
909 778 1030 849 veniet,
1057 787 1087 838 et
1108 780 1152 839 tui

147 863 263 922 itineris
277 862 322 936 ad„
334 863 448 923 beatam
466 863 592 942 patriam
612 878 711 920 eomes
735 861 804 921 erit.
825 861 904 934 Quid
921 860 1017 921 dieis?
1034 864 1154 941 eupisne

146 947 294 1006 viaticum
307 947 447 1024 arripere.
464 946 613 1020 Quidem:
628 943 679 1021 Eja
690 945 917 1024 igiturpraepara
932 945 1060 1005 animam
1072 957 1154 1007 tuam

144 1029 182 1091 ad
208 1031 443 1108 amplectendum
463 1039 550 1090 tuum
570 1028 799 1107 Redemptorem
810 1074 820 1105 ,
836 1033 887 1108 qui
905 1050 960 1110 pro
979 1041 1154 1092 temortuus

144 1122 201 1175 est.
216 1115 271 1175 Die
284 1115 469 1187 totocorde:
489 1115 565 1175 Veni
583 1115 652 1174 lesu
675 1114 734 1186 mi,
753 1115 921 1176 veniamur
941 1132 1043 1191 meas,
1065 1133 1154 1176 omne

143 1199 259 1260 bonum
275 1217 396 1272 meum,
416 1200 503 1272 ueni,
519 1200 555 1258 ad
574 1207 604 1258 te
621 1197 718 1258 anima
737 1215 800 1259 mea
814 1197 971 1260 desiderat.
990 1197 1069 1274 Quid
1078 1198 1155 1260 mitt

144 1288 190 1344 eet
201 1283 236 1343 in
252 1280 344 1359 celo,
361 1293 390 1346 et
406 1285 426 1345 d
445 1292 471 1344 te
493 1283 565 1366 quid
584 1279 667 1343 reatui
685 1299 773 1365 super
791 1289 928 1344 terram?
947 1284 1029 1344 Deus
1057 1283 1153 1347 cordis

147 1367 210 1427 otei
221 1411 230 1437 ‚
243 1374 273 1427 et
287 1386 360 1448 pore
380 1387 446 1430 naen
458 1368 493 1430 ia
505 1377 658 1428 oewrnurn.

185 1452 255 1511 eoo.
266 1452 428 1513 Sacerdotis
450 1461 568 1523 autem,
587 1450 816 1515 edm‘Vintieum
833 1451 1019 1531 peruenerit,
1033 1453 1071 1512 sit
1084 1471 1152 1513 eure

145 1532 185 1594 ab
203 1535 314 1595 inlirmi
337 1536 470 1597 eubiculo
490 1546 639 1615 parentes,
660 1535 784 1596 uxorem
802 1535 934 1616 nempe,
955 1552 1093 1603 sorores,
1117 1536 1154 1595 fi·

143 1618 223 1695 lios,
245 1628 303 1680 ete.
324 1621 375 1698 qui
408 1621 549 1700 passionis
575 1622 601 1681 ei
625 1638 687 1680 esse
709 1630 832 1698 possunt
860 1638 970 1690 eausa,
994 1619 1151 1695 depellere.

108 1705 113 1723 ¹
145 1704 232 1764 'l’une
243 1706 271 1764 ei
291 1702 469 1784 subjungat:
483 1708 515 1767 S.
531 1701 693 1785 Philippus
710 1704 840 1784 Nerius,
864 1701 933 1764 erim
952 1704 983 1762 in
997 1720 1050 1762 suo
1070 1703 1153 1763 euhi-

145 1787 213 1848 eulo
226 1789 277 1847 SS.
290 1789 509 1851 Sacramentum
528 1789 654 1858 uiderit,
668 1787 840 1847 exclamarit
858 1807 866 1845 ε
882 1790 932 1848 En
947 1805 1032 1847 anaor
1048 1805 1151 1860 meus,

147 1890 187 1931 ru
208 1891 294 1934 aanor
315 1892 410 1943 ,arietes
429 1877 482 1934 Die
496 1874 604 1945 etium,
630 1873 739 1943 irater,
762 1872 809 1931 die
835 1893 843 1929 τ
874 1874 917 1931 En
936 1889 1020 1931 amor
1037 1890 1119 1933 meus
1140 1893 1149 1932 z

145 1959 192 2017 En
203 1955 252 2018 lile
267 1967 312 2019 ost
324 1959 415 2018 Filius
427 1960 480 2018 Dei
494 2003 503 2027 ,
518 1959 570 2036 qui
588 1976 643 2037 pro
655 1967 706 2016 tan
724 1956 817 2018 salute
828 1956 977 2018 deseendit
994 1958 1032 2018 de
1050 1959 1151 2030 omlis,

145 2039 237 2102 lromo
253 2042 414 2114 laetusest‚
438 2062 492 2121 pro
507 2053 537 2102 te
557 2044 589 2103 in
609 2038 695 2103 eruce
715 2052 843 2102 mortem
866 2042 966 2104 subire
985 2044 1102 2118 voluit,
1121 2050 1153 2105 et

146 2144 229 2187 nune
240 2134 270 2186 te
283 2129 410 2189 invisum
422 2130 453 2189 iu
468 2131 532 2207 ipso
548 2139 601 2189 tuo
617 2129 751 2189 eubiculo
766 2129 857 2189 venit.
877 2129 958 2189 Bono
978 2131 1018 2191 sis
1030 2131 1150 2200 animo,

143 2209 209 2288 jam
223 2211 276 2272 tibi
299 2222 413 2290 peecata
435 2213 621 2279 condonavit.
641 2214 800 2291 Culparum
815 2224 932 2274 tuarum
946 2213 1008 2292 jam
1021 2224 1050 2275 te
1062 2216 1153 2292 paeni·

146 2297 229 2367 tuit,
250 2306 281 2356 et
297 2296 391 2358 adhue
409 2299 542 2375 poenitet.
568 2297 625 2358 Sed
647 2315 727 2358 nune
751 2298 849 2376 diligis
868 2298 1030 2359 Dominum
1055 2300 1151 2358 Deum

145 2390 233 2443 tuum
248 2399 285 2442 ex
296 2391 357 2443 toto
375 2383 464 2442 eorde
482 2389 553 2458 tu03
572 2383 651 2447 itane
665 2386 736 2443 est?
751 2384 802 2458 Eja
820 2381 891 2460 ergo
908 2382 957 2441 die
978 2403 987 2440 z
1011 2384 1086 2442 Amo
1099 2391 1150 2451 te,

145 2469 346 2542 Donamus,
367 2472 598 2548 superomnia,
621 2481 652 2531 et
673 2472 740 2549 quia
762 2471 928 2548 diligete,
955 2471 1004 2530 arie
1028 2472 1153 2547 poenitet

145 2571 279 2632 peeeasse
296 2565 442 2634 :propter
458 2552 588 2617 amorem
609 2565 696 2617 tuum
715 2555 843 2615 libenter
862 2553 998 2629 morior3
1016 2552 1078 2630 jam
1097 2553 1151 2613 tibi

145 2638 263 2716 placet,
285 2640 362 2700 mori
385 2642 473 2720 euplo
486 2685 495 2713 ‚
510 2650 544 2701 ut
565 2641 681 2701 videam
692 2650 739 2709 te,
752 2647 785 2698 et
796 2640 828 2697 in
844 2646 988 2697 aeternum
1002 2654 1110 2698 amem.

183 2725 255 2787 270.
278 2725 362 2785 Dicat
379 2725 472 2788 inde:
496 2727 527 2788 Si
546 2726 638 2805 igitur
659 2726 698 2784 Ν.
715 2724 815 2782 lesum
841 2736 939 2793 amas,
961 2722 1057 2799 parcis
1071 2739 1151 2783 nune

144 2823 248 2886 amore
268 2807 314 2868 sui
329 2810 466 2872 omnibus
479 2855 488 2885 ‚
502 2812 554 2890 qui
572 2819 603 2870 te
622 2811 654 2870 in
675 2808 773 2886 aliquo
793 2803 1003 2880 offenderunt3
1028 2823 1088 2867 non
1107 2816 1151 2867 est

144 2893 187 2951 ita
197 2895 213 2950 t
225 2894 340 2970 petisne
351 2896 441 2955 etiam
460 2897 599 2966 veniam,
619 2893 727 2972 quibus
749 2889 872 2967 injurias
887 2898 918 2950 et
935 2888 1059 2951 ollensas
1074 2892 1151 2951 irro-

143 2976 248 3054 gasti?
274 2975 326 3054 Eja
350 2978 441 3057 igitur
459 2989 597 3040 converto
619 2980 723 3040 laniem
743 2986 825 3037 tuam
844 2975 882 3036 ad
902 2975 1024 3048 lesum,
1046 2977 1097 3054 qui
1121 2984 1151 3036 te

144 3060 283 3138 amplecti
299 3064 381 3140 eupit
395 3085 404 3121 ε
419 3064 467 3125 die
480 3072 543 3125 toto
567 3065 656 3126 eorde
671 3085 680 3122 ε
702 3063 830 3123 Domine
842 3105 851 3133 ,
863 3080 925 3122 non
944 3079 1010 3122 sum
1023 3060 1149 3139 dignus,

143 3143 198 3204 sed
220 3141 292 3205 lieet
313 3145 470 3224 indignum
486 3159 517 3210 te
537 3158 619 3210 tanto
632 3166 758 3213 munere
779 3148 919 3220 fatearis,
942 3147 978 3205 ad
999 3154 1029 3205 te
1050 3155 1150 3206 umen

143 3227 292 3289 Dominus
313 3232 417 3293 uenire
441 3235 519 3295 vult.
541 3232 654 3296 lterum
685 3236 777 3314 igitur
799 3251 869 3294 eum
897 3231 1035 3292 ardenter
1057 3248 1149 3304 voca,

142 3313 212 3372 neni
241 3314 391 3389 Domine,
411 3319 479 3380 neni
502 3337 586 3381 amor
615 3338 720 3395 meus,
744 3320 823 3380 Deus
852 3333 959 3388 mens,
978 3324 1010 3375 et
1029 3317 1148 3387 omnia,

143 3398 236 3475 reni3
253 3399 292 3460 ad
313 3410 343 3460 te
357 3401 420 3464 sitit
434 3405 531 3465 anima
546 3422 630 3478 mea,
657 3412 688 3466 et
705 3413 813 3483 praeter
827 3412 857 3463 te
869 3400 945 3462 nihil
961 3401 1042 3461 aliud
1057 3402 1149 3480 eupit.

181 3483 254 3547 271.
276 3485 500 3548 communicato
520 3487 582 3566 jam
602 3489 742 3559 infirmo,
763 3488 801 3546 ad
826 3487 987 3567 gratiarum
1006 3488 1150 3548 actionem

35 3600 40 3609 ·
141 3568 232 3632 illam
254 3568 375 3646 adjuvet
394 3572 527 3634 sacerdos
540 3595 549 3632 ε
563 3572 614 3651 Eja
631 3572 842 3651 igitur-irater,
856 3589 909 3651 age
930 3589 1009 3632 nune
1022 3573 1150 3633 Domino

142 3652 277 3733 gratias,
297 3655 349 3731 qui
371 3655 409 3715 ad
432 3664 462 3718 te
479 3657 595 3733 venire,
611 3666 699 3735 teque
717 3658 851 3737 amplecti
873 3658 1008 3737 dignatus
1026 3668 1079 3719 est.
1097 3659 1149 3716 Sn-
