2642 4167
172 193 232 256 lli)
451 189 565 254 aaran
573 188 758 271 confiscari&
777 191 849 272 dep.
867 194 918 268 9.,

173 290 340 376 ccqrtisito,
358 307 466 369 nempe
483 290 534 351 illa
553 309 620 370 quae
640 293 727 367 unico
739 292 850 353 iutuitu
863 289 1010 371 cognoscit
1021 291 1176 356 ueritates.

172 397 245 459 quas
264 375 332 438 anti
352 375 470 436 nonnisi
491 376 579 452 longo
601 376 734 437 discursu
753 386 783 437 et
803 377 903 437 labere
922 387 1106 455 cognoverat.
1122 378 1179 439 Sed

173 463 220 527 his
239 480 299 523 nan
318 460 518 531 obstantibus,
531 461 629 520 nescio
646 480 699 522 cur
711 463 809 522 anima
822 480 932 521 cessare
946 463 1051 521 debeat
1063 461 1079 521 a
1093 463 1179 524 bonis

173 546 286 608 actibus
306 545 485 605 voluntatis:
501 554 531 605 et
547 544 696 622 quodnam
716 555 831 624 tempus
852 548 1050 624 opportunius
1071 544 1117 606 lris
1136 548 1180 608 ia·

173 630 285 693 ciendis
296 630 408 690 actibus
420 646 482 689 esse
497 630 624 706 peterit,
642 627 731 708 quim
754 640 870 707 tempus
888 648 947 706 quo
966 631 1063 690 anima
1077 648 1107 690 se
1120 632 1182 691 col-

173 715 277 777 lectam
294 714 405 774 sentit?
423 713 534 773 Verum
552 712 673 790 quidem
688 723 750 782 est,
764 712 843 790 qudd
862 714 895 773 S.
909 715 1085 775 Frontinus
1097 714 1182 787 Sata·

173 800 237 862 et‘ttt
259 798 414 860 consilium
436 798 519 856 dedit
540 798 573 856 B.
587 798 707 859 loanaoe
726 797 764 857 de
775 796 917 870 Chautal,
936 807 969 858 ut
990 799 1020 857 in
1040 817 1092 858 sua
1113 820 1181 861 ora·

174 885 277 960 tione,
301 881 369 943 edm
393 900 425 942 se
444 883 506 942 Deo
531 882 648 942 unitam
671 883 814 954 sentiret,
837 899 897 941 nan
920 892 1066 960 repeteret
1088 903 1182 945 novos

174 978 274 1046 aetus,
286 968 336 1029 sed
349 971 462 1046 quare?
477 968 546 1044 quia
561 968 674 1028 scilicet
690 969 776 1026 beata
792 966 855 1043 jam
875 975 1049 1045 peruenerat
1059 968 1095 1028 ad
1109 988 1182 1029 cea-

174 1055 395 1132 templationem
419 1052 575 1132 passivam.
598 1052 682 1113 Unde
705 1053 823 1130 quando
846 1053 944 1112 auium
965 1051 1060 1112 adbuc
1083 1065 1127 1114 est
1147 1055 1182 1114 in
1253 1093 1255 1095 »

175 1149 252 1202 autu
270 1138 388 1207 activo,
407 1155 468 1197 nou
491 1145 534 1196 est
553 1138 631 1197 ratic
650 1155 705 1197 cur
720 1145 801 1197 aetas'
814 1136 883 1196 boni
899 1138 1042 1214 impedire
1054 1138 1183 1200 debeant

174 1225 277 1305 madae
298 1223 513 1301 operationem.
527 1221 609 1281 ldem
626 1224 658 1283 S.
671 1222 847 1283 Franciseas
865 1217 995 1283 Salesius
1013 1226 1185 1302 praefigebat

174 1309 329 1373 animabus
348 1308 462 1367 devotis
482 1304 550 1367 isc
572 1305 691 1366 directis
708 1307 939 1367 determinatum
957 1309 1114 1387 quemdam
1129 1329 1185 1370 uu·

175 1413 291 1457 merum
310 1393 523 1472 aspirationum
545 1392 678 1463 umeris,
698 1392 866 1452 laciendum
886 1393 963 1452 iutra
977 1403 1089 1468 certum
1104 1403 1185 1455 teut-

175 1480 257 1559 peris
272 1481 412 1558 spatium.
427 1475 551 1552 Quarrdo
572 1477 671 1536 anima
694 1477 828 1555 pervenit
850 1476 887 1536 ad
905 1486 1014 1536 statum
1032 1480 1184 1555 passivum
1226 1552 1230 1555 ἱ

175 1563 451 1641 contemplationis,
467 1571 537 1623 tuac
548 1566 645 1621 anima
657 1563 711 1621 etsi
725 1579 785 1620 noa
797 1570 947 1622 mereatur
957 1604 966 1633 ‚
977 1562 1046 1639 quia
1057 1579 1093 1622 ee
1106 1573 1187 1623 tem·

175 1667 248 1729 pore
262 1666 322 1709 uon
338 1654 495 1727 operatur,
505 1645 556 1706 sed
568 1643 683 1706 tantaim
701 1644 837 1726 petitur,
851 1643 1043 1706 nihilominus
1055 1649 1186 1725 acquirit

176 1752 316 1812 magnum
333 1731 491 1809 quemdam
510 1730 643 1809 vigorem
663 1729 700 1790 ad
719 1730 902 1808 operandum
921 1740 1020 1809 postea
1037 1749 1104 1790 cum
1118 1751 1186 1792 ma-

94 1864 97 1869 «
173 1815 233 1897 jori
246 1818 424 1894 perlectiouc
437 1836 446 1875 a
461 1813 513 1875 sed
525 1815 643 1893 quando
660 1815 758 1874 anime
770 1815 865 1873 adbuc
877 1824 921 1873 cst
932 1817 962 1873 in
977 1822 1054 1873 statu
1068 1817 1186 1887 activo,

176 1911 211 1963 ut
233 1908 399 1969 mercatur,
421 1899 537 1977 operari
564 1898 674 1969 debet,
697 1909 779 1958 actus
798 1898 890 1959 boues
914 1898 1069 1974 faciendo,
1093 1908 1185 1977 atque

175 1986 238 2050 boec
259 1995 327 2044 sunt
349 2000 461 2062 opera,
485 1983 594 2060 quibus
617 1984 715 2043 anima
739 1992 870 2043 meretur
892 1986 1016 2062 gratiam
1038 1983 1184 2045 divinam.

178 2070 261 2134 Unde
281 2067 360 2129 recte
377 2067 527 2128 concludit
548 2067 626 2127 idem
650 2070 689 2128 P.
705 2069 843 2148 sconart,
864 2069 943 2146 quiid
965 2070 1083 2146 quando
1103 2071 1188 2129 Deus

175 2155 310 2233 loquitur
332 2162 362 2212 et
384 2161 542 2230 operatur3
563 2159 593 2210 el
614 2162 748 2229 oportet,
764 2163 797 2212 ut
815 2152 913 2212 auimn
927 2160 1077 2221 taceat,et
1090 2162 1186 2229 cesset

175 2237 266 2302 lauis
278 2237 519 2315 operationibus,
537 2234 613 2295 nibil
631 2236 714 2296 aliud
734 2237 872 2315 ponendo
887 2255 923 2296 ex
939 2237 1030 2297 latere
1042 2238 1186 2298 suocirca

175 2322 376 2404 principium,
400 2318 489 2399 quim
505 2322 699 2380 attentionem
720 2320 878 2397 quemdaun
898 2323 1006 2381 amoris
1017 2320 1054 2381 ad
1066 2321 1184 2382 divinas

176 2408 375 2487 operationes,
389 2403 440 2464 sed
459 2404 577 2482 quaudo
592 2406 671 2464 Deus
692 2423 752 2465 nen
770 2405 920 2483 loquitur,
936 2414 1054 2465 necesse
1064 2413 1128 2477 est,
1147 2413 1185 2465 ut

175 2493 272 2558 anime
291 2508 323 2551 se
339 2488 457 2567 adjuvet
477 2508 513 2550 ee
533 2491 622 2553 made
643 2509 704 2569 quo
720 2500 818 2569 potest
838 2490 876 2548 ad
891 2489 1129 2568 conjungendum
1149 2509 1184 2551 se
1277 2500 1279 2503 ’

174 2580 237 2640 Dea
248 2621 257 2648 ,
269 2575 333 2636 scil.
352 2574 591 2635 meditationibus
607 2574 736 2653 (quaudo
754 2573 799 2635 bae
814 2585 885 2635 suut
897 2574 1097 2651 necessariae),
1110 2575 1185 2635 alie·

175 2662 289 2732 atibus,
302 2659 454 2739 precibus,
474 2666 504 2718 et
522 2658 835 2727 determinationibus,
856 2658 1018 2718 dummodb
1037 2669 1118 2717 aetus
1130 2660 1182 2720 isti

176 2764 236 2809 nen
255 2746 409 2806 eliciantur
431 2742 537 2803 inviti:
554 2743 631 2802 uode
651 2744 694 2802 illi
716 2741 922 2803 tantummodo
941 2752 1012 2804 suut
1032 2742 1180 2815 faciendi,
1215 2816 1218 2823 Ι

175 2832 282 2910 quibus
300 2847 331 2888 se
348 2828 446 2887 anima
464 2829 554 2888 sentit
570 2828 701 2887 suaviter
715 2827 898 2886 inclinatam.
1100 2887 1110 2897 ,,
1253 2835 1255 2837 ’

86 2935 93 2949 ·
139 2972 143 2981 ,
214 2910 1183 2993 lilii.iusuperadverteadumest‚qaddlleus‚antequamintre·

174 2999 261 3062 ducat
276 2998 405 3057 enimam
425 2998 456 3056 in
472 2998 637 3056 orationem
650 2995 925 3071 contemplationis,
938 2997 1013 3055 solet
1029 3014 1094 3057 eam
1108 3014 1182 3075 pur-

174 3102 262 3164 qare,
273 3081 409 3161 ponendo
419 3081 451 3139 in
463 3080 599 3140 ariditate
610 3080 826 3158 supernaturali
838 3123 846 3152 ,
857 3099 924 3157 quae
935 3081 1098 3159 appellatur
1108 3099 1182 3161 pur-

172 3168 254 3250 qett'o
274 3162 460 3248 spiritualis,
476 3175 507 3223 ut
531 3183 595 3224 eam
615 3166 753 3243 parificet
773 3165 790 3225 ia
807 3165 868 3225 sais
887 3166 1180 3242 imperfectionibus,

175 3272 241 3330 quae
259 3251 303 3311 illi
324 3249 490 3329 impediunt
510 3249 803 3326 contemplationem.
813 3250 911 3327 Atque
927 3247 977 3309 hie
995 3250 1181 3329 distinguen-

175 3337 247 3396 dum
269 3343 313 3394 est
331 3335 409 3407 inter
426 3333 595 3393 ariditatem
613 3330 883 3413 seruitiumque
906 3338 1036 3411 pertinet
1054 3334 1098 3392 ad
1114 3350 1182 3393 seu·

123 3484 125 3488 μ
174 3435 239 3478 sum
252 3427 301 3488 ,et
310 3418 477 3478 ariditatem
488 3412 712 3493 substantialem
724 3459 732 3488 ,
743 3435 810 3495 quae
827 3417 958 3495 pertinet
973 3418 1012 3478 ad
1029 3417 1178 3496 spiritum.

175 3498 302 3559 Ariditas
319 3498 464 3573 tensibilia
479 3500 529 3579 (de
548 3497 741 3562 substantiali
758 3501 915 3578 loquemur
927 3519 1023 3561 tuum.
1033 3497 1179 3579 sequenti)

175 3580 294 3657 quando
315 3591 360 3645 est
380 3585 543 3660 naturalis,
563 3586 623 3648 tert
643 3603 745 3647 secum
765 3585 914 3681 quoddam
937 3586 1060 3650 taedium
1078 3601 1178 3648 rerum
