2642 4167
159 208 217 269 sto
343 202 480 288 Epitoare
494 189 632 265 doctrinar
653 190 774 263 sitarciis
787 208 817 262 et
832 203 979 265 cunosticte

152 305 350 366 nuntiandum
366 307 397 365 in
424 306 457 365 ed
477 303 562 364 causi
582 303 797 362 cumulativum
811 301 861 378 jus
877 311 921 362 est
948 300 1028 363 inter
1055 302 1171 365 Sedem'

153 390 345 468 apostolicam
360 435 368 460 ,
383 399 413 449 et
423 389 536 467 judices
552 387 728 447 ordinarios.
745 383 789 444 lb.

189 474 292 548 Quoad
302 474 489 535 matrimonia
501 474 577 531 inter
590 470 759 549 impuberes
769 468 905 530 nondum
917 469 1054 551 conjugio
1066 482 1174 552 aptos,

151 557 230 617 solus
246 560 394 618 Romanus
406 558 540 617 Pontifex
551 554 711 634 dispensat.
726 553 771 613 lb.

190 641 403 720 lmpedimenta
425 641 648 701 matrimonium
662 636 853 716 impedientia
873 637 910 697 ab
929 638 1072 718 Episcopo
1087 641 1164 701 rela-

152 725 215 784 xari
230 734 369 805 possunt,
385 727 408 786 si
427 725 551 802 excipias
563 721 809 801 impedimentum
820 728 921 781 ortum
933 742 968 782 ex
978 726 1165 801 sponsalibus

152 825 220 868 cum
237 810 330 868 altero
350 807 432 888 priris
445 807 545 878 initis,
566 815 596 866 et
616 804 710 877 illud,
725 804 806 882 quod
818 823 854 864 ex
870 814 940 867 veto
954 817 1105 885 perpetua
1116 829 1166 869 ea·

152 893 275 965 stitatis,
288 902 318 954 et
332 891 516 970 ingrediendi
527 890 701 967 religionem
713 932 722 960 ‚
736 890 792 948 uisi
810 889 922 948 fuerint
942 890 1161 971 conditionata,

153 984 253 1035 ortum
273 977 367 1036 duxit.
392 979 501 1036 Caetera
522 973 593 1035 verb
611 973 841 1034 matrimonium
864 974 1012 1036 irritantis
1033 977 1161 1050 tollere,

154 1060 209 1119 nisi
227 1062 375 1120 Romanus
386 1060 545 1131 Pontifex,
569 1075 658 1118 nemo
681 1065 788 1136 potest.
803 1058 955 1135 Excipitur
967 1069 1164 1123 tamencasus

155 1160 243 1220 quem
256 1144 355 1204 statim
371 1144 476 1204 subdo.

190 1226 221 1286 Si
236 1226 312 1288 forte
324 1228 434 1289 accidat
450 1235 484 1288 ut
503 1225 727 1287 matrimonium
738 1226 801 1303 mm
817 1226 908 1287 fuerit
923 1234 1111 1288 contractum
1128 1231 1163 1290 in

153 1310 225 1371 facie
237 1313 372 1372 Ecclesia
383 1331 451 1372 eum
464 1312 602 1372 omnibus
620 1310 875 1382 solemnitatibus,
892 1312 1060 1388 initumque
1072 1313 1164 1374 fuerit

154 1394 231 1456 bend
245 1395 302 1457 lide
315 1416 351 1455 ex
370 1395 536 1474 ignorantia
555 1394 757 1472 impedimenti
771 1395 848 1471 juris
863 1403 892 1455 et
906 1396 973 1454 faeti
985 1439 993 1468 ,
1006 1404 1036 1455 et
1044 1396 1164 1458 siteon·

154 1491 355 1552 summatum,
382 1481 528 1541 occultum
552 1480 591 1539 sit
610 1489 710 1539 tamen
735 1480 1005 1557 impedimentum,
1028 1490 1060 1540 et
1085 1483 1162 1544 adiri

156 1582 217 1625 non
244 1567 335 1643 possit
359 1565 516 1635 Pontifex,
541 1581 592 1623 seu
625 1564 662 1623 ab
690 1582 725 1623 eo
756 1564 935 1642 dispensatio
970 1565 1098 1626 obtineri
1122 1568 1174 1635 ob,

154 1650 313 1731 conjugum
323 1649 904 1730 paupertatem,rusticitatem,locornm
913 1650 1162 1727 distantinmetc.,

156 1752 211 1795 nce
231 1738 322 1814 possit
346 1736 490 1814 soporatio
508 1735 571 1797 steri
592 1734 656 1795 sinc
681 1734 840 1810 scandalo;
857 1734 929 1794 dum
950 1736 1040 1797 simul
1060 1756 1165 1798 omnes

156 1819 219 1878 istae
232 1819 457 1879 circumstantia
469 1818 633 1889 adfuerint,
646 1828 716 1877 tunc
734 1819 770 1881 ab
783 1820 926 1897 Episcopo
938 1838 971 1878 ea
982 1819 1164 1898 dispensatio

156 1902 221 1964 tutd
244 1904 436 1979 conceditur,
459 1922 548 1980 quam
568 1910 664 1980 potest
685 1902 780 1978 maior
802 1905 1038 1964 Poenitentiarius
1056 1907 1164 1983 Papae,

155 1987 206 2047 sed
224 1988 254 2045 in
271 1987 333 2047 foro
353 1997 451 2047 tamen
473 1985 655 2045 conscientiae
671 1985 911 2060 centumuirale
928 1989 952 2047 si
966 1988 1165 2065 impedimen-

83 2092 105 2115 *
156 2084 221 2133 tum
245 2072 317 2131 illud
337 2071 623 2149 posteadctegatur,
644 2079 673 2130 et
691 2071 852 2133 deducatur
874 2073 911 2131 ad
927 2074 1024 2132 forum
1040 2083 1163 2134 eonten-

155 2154 282 2227 tioaum,
299 2155 482 2233 impetranda
507 2164 550 2216 est
568 2153 584 2213 a
607 2156 731 2215 Summo
754 2157 898 2229 Pontifree
913 2157 1102 2235 dispensatio.
1120 2161 1166 2218 De

156 2238 266 2318 Synod.
280 2238 365 2298 dioee.
381 2239 434 2297 lib.
452 2239 481 2296 9.
496 2258 559 2316 cap.
571 2240 602 2297 2.
622 2259 651 2298 u.
668 2241 698 2298 l.

194 2321 281 2382 Forte
299 2323 388 2381 etiam
407 2322 566 2401 Episcopus
582 2322 874 2403 dispensarepoterit
894 2326 926 2397 ip
945 2326 1162 2404 impedimento

156 2405 315 2466 dirimente
334 2407 468 2478 oeeulto,
496 2404 565 2466 etim
587 2408 811 2469 matrimonium
833 2409 967 2486 proxime
988 2410 1163 2472 contrahen-

156 2491 228 2553 dum
243 2500 308 2561 est,
328 2491 361 2550 in
382 2509 447 2549 casu
469 2509 528 2569 quo
552 2492 622 2551 tales
644 2502 767 2569 urgeant
785 2510 886 2553 rerum
907 2495 1162 2567 circumstantiae,

156 2583 191 2635 ut
211 2593 264 2635 nec
280 2577 310 2634 S.
324 2574 457 2634 Pontifex
470 2576 581 2647 consuli
596 2576 711 2654 possit,
732 2594 786 2637 nee
804 2578 1027 2639 matrimonium
1044 2579 1163 2647 differri

156 2658 220 2718 sine
232 2659 367 2720 scandalo
382 2703 390 2731 ‚
408 2669 460 2719 aut
481 2659 602 2719 infamia
622 2659 873 2722 contrabentium.
894 2663 978 2721 Tune
1000 2663 1165 2723 censendus

155 2751 201 2804 cst
219 2746 250 2803 S.
268 2744 402 2804 Pontifex
422 2743 509 2804 tacite
527 2744 662 2824 delegare
687 2747 827 2825 Episcopo
843 2754 1017 2824 potestatem
1042 2748 1165 2826 dispen-

156 2829 251 2897 sandi.
264 2829 339 2891 ibid.
355 2848 384 2889 n.
399 2832 429 2890 2.

196 2913 248 2972 His
272 2914 399 2994 praecisis
425 2932 525 2973 rerum
553 2916 799 2987 circumstantiis,
821 2917 935 2977 nemini
963 2917 1005 2978 fas
1028 2927 1074 2979 est
1092 2919 1165 2998 Epi·

155 3015 243 3077 scopo
261 2998 429 3075 dispensare
445 2998 477 3056 in
488 2997 707 3076 impedimentis
717 2999 840 3076 publicis
851 2998 1075 3062 matrimonium
1089 3002 1170 3083 diris

157 3081 317 3142 mentibus.
330 3084 432 3159 Neque
447 3080 527 3141 enirn
543 3100 648 3140 rerum
666 3091 709 3141 est
720 3091 749 3142 et
770 3101 894 3156 sanum,
916 3084 1030 3144 axioma
1051 3086 1126 3146 illud
1144 3086 1164 3150 d

156 3166 307 3226 nonnullis
323 3165 515 3242 adoptatum:
532 3163 685 3243 Quidquid
702 3174 798 3247 petest
814 3165 956 3247 Pontifex
977 3167 1011 3226 iu
1025 3173 1165 3233 uniuerso

156 3247 242 3325 orbe,
264 3251 292 3309 si
310 3248 459 3329 excipias,
482 3247 668 3327 quamtotius
694 3247 827 3310 Ecclesiae
848 3253 1163 3332 staturureapieiuut,

85 3368 88 3373 ·
156 3330 236 3393 velut
245 3331 317 3412 fidei
329 3330 489 3392 articulum
499 3328 635 3412 defirure,
646 3339 742 3411 potest
753 3336 916 3414 Episcopus
927 3337 959 3394 in
972 3339 1028 3395 sua
1036 3333 1163 3410 dioecesi,

157 3413 220 3475 uisi
239 3418 327 3496 Papo
342 3415 400 3475 sibi
416 3413 493 3475 iliud
511 3415 709 3476 reservaverit.
732 3419 799 3478 Non
823 3418 904 3477 enirn
923 3427 1018 3496 potest
1039 3419 1165 3493 inferior

157 3499 252 3572 legem
266 3497 282 3555 ia
296 3501 446 3574 superiore
468 3499 557 3558 latam
579 3502 722 3560 relaxare.
746 3502 822 3561 Sunt
844 3501 896 3580 qui
918 3501 1162 3564 consuetudinem

158 3578 360 3657 praetendant3
383 3589 413 3641 at
427 3581 613 3643 considerent
629 3584 761 3657 attente,
779 3584 847 3646 etim
864 3603 911 3646 res
922 3587 961 3647 sit
973 3585 1010 3645 de
1022 3586 1164 3645 minnan-⁴
