2642 4167
170 242 210 303 99
449 236 561 298 Proxia
573 234 758 316 consectarii.
774 238 845 318 Cap.
859 238 889 296 9.

169 358 258 418 quam
273 340 402 409 caderet,
414 338 470 399 sibi
489 336 617 415 aliquam
628 339 690 397 vim
699 337 812 398 iecerit.
821 335 911 397 Aliud
922 345 1020 395 tamen
1030 335 1175 412 judicium

169 423 235 484 fieri
261 423 365 492 debet,
381 421 407 482 ai
427 422 573 500 poenitens
591 419 769 500 pierumque
793 421 895 480 statim
924 419 1084 495 ceciderit,
1111 431 1175 497 post

169 507 243 567 duos
262 524 388 583 nempe,
411 503 459 564 vei
480 512 539 565 tre's
557 505 619 566 dies
639 503 656 564 d
679 504 860 565 confessione
874 503 967 572 iacta,
982 503 1054 579 quin
1077 502 1176 579 aliquo

169 591 257 649 modo
277 589 431 649 tentationi
445 588 519 648 obsti
525 590 578 663 tit3
591 598 665 647 tune
679 590 761 648 enim
780 586 898 647 videtur
915 587 1067 648 moraliter
1080 596 1177 645 certus

167 673 276 733 doloris
289 691 323 736 ac
335 672 480 750 propositi
495 672 636 731 deiectus.

535 863 750 923 citrtruturt
770 864 809 923 li.

235 1041 282 1100 De
297 1038 576 1121 interropationiires
592 1037 737 1119 faciendis
755 1038 962 1119 poenitentibus
979 1038 1112 1101 redibat.

208 1256 257 1316 91.
278 1194 368 1317 Ner
389 1263 487 1333 speret
502 1253 550 1315 hic
564 1274 647 1316 meus
662 1256 756 1315 lector
773 1271 822 1313 rac
844 1270 1012 1313 sermonem
1028 1253 1175 1312 facturum

171 1334 209 1397 de
225 1339 364 1410 omnibus
381 1337 523 1399 doctrinis
534 1340 571 1399 ad
587 1341 640 1398 Dei
654 1349 682 1398 et
697 1339 829 1398 Ecclesia
842 1344 986 1415 praecepta
1000 1337 1176 1413 pertinenti·

171 1419 244 1492 ltus,
257 1422 354 1499 quoad
372 1440 406 1482 ea
420 1442 487 1501 qum
504 1426 535 1483 in
554 1424 624 1501 ipsis
641 1423 875 1499 permittuntur,
892 1430 943 1480 out
960 1419 1175 1498 prohibentur,

172 1503 209 1562 da
221 1502 267 1563 his
283 1507 363 1565 enim
377 1506 447 1566 satis
463 1516 562 1566 actum
584 1507 615 1565 in
635 1507 732 1584 Opere
746 1505 860 1565 Murali.
876 1501 929 1564 liic
948 1501 1064 1563 tantirrn
1083 1521 1177 1564 anno·
1257 1559 1265 1564 ,

171 1587 298 1648 tabimus
324 1590 568 1668 interrogationes
589 1588 606 1649 d
633 1590 808 1649 confessario
831 1586 1009 1667 plerumque
1030 1587 1175 1647 iaciendas

170 1672 383 1747 paenitentibus
401 1675 544 1744 rudibus,
559 1675 611 1751 qui
625 1673 798 1752 judicantur
815 1690 877 1734 non
897 1672 1074 1732 sufficienter
1092 1689 1175 1731 snam

171 1756 379 1819 conscientiam
401 1759 594 1836 perquisisse3
609 1767 639 1818 et
654 1757 812 1836 praecolit
827 1774 894 1835 quoe
908 1755 1057 1834 precipui
1079 1756 1175 1816 notari

170 1837 297 1922 debent,
311 1842 349 1903 ad
362 1843 477 1922 praxim
490 1841 618 1905 maximi
629 1843 765 1905 facientia
776 1886 785 1917 ‚
798 1842 885 1902 alitor
899 1839 986 1919 quim
997 1839 1175 1918 speculative

171 1930 344 1985 tractantur.

209 2008 259 2067 99.
270 2008 353 2068 Circa
368 2009 393 2069 i.
405 2018 584 2090 preceptum
610 2012 774 2089 interroget
788 2012 817 2070 i.
837 2010 1045 2089 penitentem,
1059 2026 1097 2068 an
1110 2021 1177 2086 my·

168 2093 257 2153 steria
269 2092 339 2152 iidei
349 2093 470 2168 calleat,
483 2111 550 2155 nam
562 2095 587 2154 si
600 2104 729 2173 quatuor
744 2096 953 2174 mysteriorum
966 2092 1175 2173 principalium

170 2175 335 2253 ignorantia
355 2187 507 2249 teneatur,
523 2197 629 2256 nempe
643 2181 739 2240 Deum
752 2197 833 2249 esse,
847 2186 1098 2238 remuneratorem
1113 2194 1175 2236 esse

170 2258 241 2321 boni
259 2271 291 2321 et
310 2263 399 2332 maii,
414 2264 554 2341 mysteria
573 2264 768 2323 Sanctissimae
784 2263 936 2323 Trinitatis
948 2270 978 2322 et
995 2261 1176 2321 incarnatio-

169 2344 217 2403 nis
234 2362 268 2405 ac
287 2347 391 2406 mortis
413 2348 482 2406 lesu
497 2346 623 2422 Christi,
643 2348 703 2407 erit
720 2347 913 2407 absolutionis
930 2343 1069 2423 incapaci,
1087 2343 1175 2428 juxta

171 2430 403 2507 propositionem
418 2433 468 2493 ii.
484 2432 679 2510 proscriptam
689 2432 726 2490 ab
735 2433 886 2491 innocent.
897 2433 957 2491 XI.
970 2432 1043 2490 item
1057 2447 1094 2489 an
1104 2432 1176 2491 sciat

171 2511 345 2588 Symbolum
359 2512 447 2580 fidoi,
462 2524 606 2591 praecepta
620 2515 774 2590 Decalogi,
790 2523 987 2585 sacramenta,
998 2522 1055 2574 etc.
1071 2514 1175 2574 saitem

171 2593 202 2652 in
218 2596 390 2657 substantia.
406 2596 463 2656 Sed
483 2595 532 2657 hic
551 2598 627 2657 hene
649 2598 777 2657 advertit
794 2598 917 2657 celebris
933 2597 999 2666 ilie,
1019 2606 1051 2656 ct
1071 2596 1176 2656 doctus

170 2677 370 2739 idissionarins
384 2681 422 2741 P.
431 2678 604 2741 herardus
616 2683 636 2739 d
649 2682 745 2741 Porta
756 2679 902 2742 Maceritio
917 2678 952 2740 in
966 2697 1019 2739 aaa
1031 2679 1176 2741 Discurris

170 2761 307 2841 mystico,
320 2771 350 2822 et
364 2760 490 2835 morali,
506 2783 539 2824 a.
557 2767 605 2824 96.
621 2766 717 2825 teneri
731 2765 938 2824 conicssarium
955 2765 1101 2825 instruere
1113 2783 1176 2843 por·

170 2846 297 2906 nitentes
309 2845 398 2906 rudes
414 2848 446 2907 in
468 2851 615 2927 mysteriis
633 2849 724 2918 fidei,
742 2849 846 2908 saltem
867 2849 899 2906 in
921 2857 1048 2925 quotuor
1063 2850 1175 2925 princi·

170 2929 285 3007 palibus
295 2950 304 3003 ς
316 2939 496 3008 quapropter
510 2935 552 2992 sic
571 2932 724 3009 subjungit
737 2951 746 2991 r
762 2933 881 2992 Bonum
892 2945 953 2990 aaa
966 2937 1010 2991 est
1020 2926 1176 2993 cantilinae

170 3010 315 3072 dimittere
331 3011 442 3074 similet
460 3015 599 3095 mauros,
619 3025 654 3077 ot
671 3016 710 3077 ad
734 3012 805 3076 aliia
825 3014 886 3076 ioee
904 3013 1080 3091 deceantur,
1101 3017 1177 3094 quie

83 3129 86 3135 <
170 3092 271 3156 natiue
285 3092 367 3157 eliae
378 3099 545 3177 aparebitar
553 3096 687 3178 fruetus,
701 3099 764 3161 oiri
771 3098 859 3159 uteie
872 3099 973 3180 ipnari
987 3108 1176 3176 rernaaeeat3

170 3177 291 3259 ideoque
313 3180 469 3260 expediere
490 3191 532 3243 est
548 3182 672 3245 breuiter
690 3202 739 3245 coe
755 3182 854 3245 dorm
872 3182 1014 3262 predicta
1035 3185 1177 3263 mysteria

168 3262 372 3344 principalia,
401 3264 549 3347 efficiendo
573 3271 705 3348 pariter,
730 3276 767 3328 et
792 3285 890 3328 scetem
913 3269 1067 3347 effenneat
1091 3275 1178 3329 actus

170 3345 271 3416 Fidei,
282 3348 367 3427 Spei,
380 3349 559 3421 Ciamtatio,
572 3360 602 3411 et
616 3351 825 3424 contritionis,
840 3348 996 3432 odiipuado
1009 3360 1174 3426 tameaeos,

171 3439 206 3491 ut
216 3433 404 3511 importarem
415 3435 540 3516 perfecte
560 3436 714 3497 instruite
727 3436 844 3517 sociarat
860 3435 938 3496 circa
948 3443 1051 3496 cetera
1067 3443 1177 3515 myste-

171 3514 220 3576 ria
232 3515 307 3576 scitu
323 3522 485 3580 necesaria
499 3518 535 3581 de
554 3521 722 3580 necessitate
732 3520 881 3600 precepti.
896 3523 932 3578 Et
951 3521 1030 3580 idem
1042 3520 1176 3592 Auctor,

171 3601 294 3677 loquens
313 3600 351 3662 dc
366 3605 499 3682 personis
522 3603 642 3666 urbanis
667 3605 769 3667 salutis
786 3604 914 3683 propriae
938 3604 1177 3683 negligentibus,
