2642 4167
304 237 333 320 ς.
348 237 387 298 11.
399 235 445 296 lla
457 233 591 297 oronam
604 229 878 315 contemplationis,
892 239 945 295 cta.
1084 235 1142 297 115

132 351 222 422 ergo,
234 344 271 401 ut
291 336 362 399 lorti
381 333 482 395 animo
501 334 558 406 sit,
572 341 603 395 et
618 333 747 395 viriliter
762 340 893 411 expectet
918 349 967 394 rea
986 333 1140 412 magnaei

131 432 212 499 Deo,
227 423 301 486 dum
318 438 382 481 cam
402 438 456 499 per
471 420 612 480 tutiorem
629 418 709 478 riam
723 417 860 489 deducit,
874 417 985 478 scilicet
996 435 1049 496 per
1060 418 1140 479 riam

132 512 381 579 rrucissmoncat
400 505 507 579 etiam,
519 512 553 564 ut
569 502 667 582 primi
685 501 824 564 humiliet
842 520 874 563 se
891 501 996 582 utpotc
1019 501 1140 582 diguam

129 596 171 659 ita
192 593 210 655 i
232 596 296 654 Deo
316 589 435 652 tractari
454 591 493 648 ob
511 596 652 649 anteactae
670 587 740 647 rite
764 586 915 647 delectus:
931 586 1081 658 secundi,
1105 595 1141 647 ut

129 681 241 743 divine
249 675 395 737 voluntati
408 691 440 733 se
450 680 544 733 totam
557 673 704 748 resignet,
715 672 930 751 paratissimam
940 688 972 732 se
981 671 1141 750 praebendo

129 764 167 826 ad
187 781 223 825 ea
243 760 343 822 omnio
366 756 538 838 perferenda
550 800 558 828 ‚
572 754 634 817 imo
656 763 687 816 et
702 755 815 832 majora
833 773 889 834 pro
910 754 1141 834 omnitempore

130 848 213 928 quod
236 847 299 907 Deo
323 843 468 924 placuerit
489 861 498 900 ε
524 839 615 901 tertio
633 837 771 925 projiciat
784 857 816 899 sc
833 848 975 918 tanquam
990 849 1140 901 mortuam

129 937 162 993 in
182 929 303 992 brachia
323 929 439 992 ,diuinas
464 925 693 995 misericordiae,
719 932 750 985 et
775 925 940 984 committat
965 924 1140 1003 protectioni

128 1016 233 1076 llariae
245 1016 295 1074 SS.
304 1030 370 1091 quaa
381 1016 476 1070 mater
491 1008 719 1084 misericordia,
732 1006 763 1069 dt
772 1007 948 1071 afflictorum
962 1009 1140 1071 consolatrix

127 1098 198 1177 jure
215 1097 393 1178 appellatur.

169 1207 240 1269 151.
254 1203 384 1266 driditas
400 1199 502 1263 sensus
522 1197 665 1279 perdurat
684 1215 855 1277 quousque,
868 1199 1031 1279 purificatis
1047 1201 1141 1262 sensi·

130 1288 208 1364 bus,
221 1290 319 1350 anima
337 1294 404 1366 apta
418 1285 455 1346 ad
474 1283 751 1362 contemplationem
763 1282 914 1344 reddatur.
929 1285 1057 1346 Ariditas
1068 1283 1152 1347 verd·

129 1374 255 1455 spiritis
280 1373 369 1432 durat
392 1387 546 1449 quousque
573 1366 716 1428 reddatur
744 1386 835 1448 capax
859 1368 968 1429 divinae
994 1370 1138 1431 unionisz

131 1461 270 1538 quamvls
282 1454 440 1534 aliquando
457 1453 544 1513 etiam
566 1462 633 1531 post
652 1454 793 1512 unionem
812 1453 966 1531 permittat
977 1454 1139 1527 Dominus,

130 1554 166 1605 ut
186 1544 287 1604 anima
307 1538 416 1600 iterum
433 1538 534 1599 redcat
550 1537 588 1598 ad
606 1535 682 1596 hanc
701 1537 889 1607 ariditatem,
904 1555 937 1597 ea
955 1534 1141 1615 potissimum

130 1628 169 1690 dc
181 1646 269 1689 causa
282 1670 291 1700 ,
302 1641 341 1684 ne
355 1625 454 1683 anima
471 1624 596 1702 seipsam
614 1622 762 1701 negligat,
779 1629 810 1681 et
828 1629 863 1681 ut
880 1619 1043 1681 identidem
1054 1636 1142 1680 suum

131 1712 266 1775 nihilum
282 1715 430 1789 agnoscat.

168 1820 241 1882 tm.
254 1815 405 1895 complcti
425 1831 496 1893 ergo
517 1815 692 1894 purgatione
713 1812 839 1887 seusina,
857 1812 941 1876 etad
960 1814 1052 1876 finem
1074 1830 1143 1896 per·

130 1904 224 1967 docco
243 1901 380 1961 ariditate
396 1899 546 1973 sensibili,
567 1901 653 1980 ponit
674 1904 753 1961 Deus
774 1898 904 1962 animam
922 1901 955 1962 in
977 1910 1054 1962 statu
1071 1918 1142 1962 con·

130 1984 349 2066 templationis.
362 1984 579 2063 Contemplatio
598 1985 645 2045 vel
665 1993 710 2045 est
722 1984 915 2060 affirmativa,
927 1987 975 2048 vel
995 1984 1141 2067 negativa.

131 2068 329 2151 affirmativa
351 2076 395 2129 est
413 2068 531 2146 quando
552 2070 651 2129 anima
672 2069 815 2131 bcneiicio
838 2070 913 2133 lueis
931 2072 1057 2145 divinae,
1079 2070 1143 2132 sine

132 2157 197 2218 ulla
214 2173 267 2215 sua
287 2171 375 2233 opera
395 2153 491 2216 ceruit
509 2154 637 2231 aliquam
665 2155 844 2228 veritatem,
868 2163 1087 2230 automatum,
1108 2161 1143 2217 ut
1179 2206 1182 2215 ,

131 2250 211 2303 esset
230 2238 384 2300 infelicitas
400 2238 528 2314 inserui,
548 2239 671 2300 felicitas
683 2239 808 2319 paradisi
824 2249 894 2313 etc,
909 2249 959 2301 aut
970 2243 1141 2314 increatam,

131 2337 167 2387 ut
180 2325 313 2386 divinam
331 2322 585 2396 misericordiam,
603 2342 753 2398 amorem,
768 2327 931 2404 potentiam
944 2370 952 2398 ‚
967 2326 1141 2388 bonitatam.

130 2409 284 2492 depastae
308 2416 355 2468 est
376 2406 496 2484 quaudo
511 2408 657 2486 dignoscit
677 2410 869 2487 perfectiones
893 2409 1007 2470 divinas
1028 2427 1089 2471 non
1108 2408 1141 2469 iu

132 2492 329 2576 particulari,
349 2491 401 2552 sed
418 2491 449 2550 in
462 2510 569 2570 genere
588 2511 657 2553 cum
675 2493 794 2554 coniusa
813 2493 938 2571 quadam
957 2496 1078 2568 notitia,
1091 2492 1143 2555 scd

134 2600 204 2659 quaa
219 2577 332 2656 ingerit
342 2583 518 2655 conceptum
531 2576 618 2655 longe
635 2577 779 2654 mojorem
793 2577 1005 2654 magnitudinis
1017 2576 1144 2653 divinaa3

132 2675 165 2725 et
178 2665 219 2724 ita
235 2661 327 2720 etiam
344 2661 377 2719 in
397 2659 518 2721 confuso
531 2664 662 2738 agnoscit
680 2662 810 2736 aliquam
823 2661 978 2718 veritatem
994 2668 1142 2732 creatam,

133 2759 169 2809 ut
188 2745 416 2807 horribilitatem
430 2745 539 2809 inferni
553 2757 609 2805 otc.
624 2744 682 2804 Sed
700 2751 883 2801 transeamus
897 2742 933 2800 ad
950 2744 1062 2822 primos
1079 2762 1145 2805 cou-

133 2829 337 2910 templatiouis
351 2829 475 2907 gradus:
492 2828 524 2889 hi
540 2838 629 2900 sunt,
647 2826 815 2890 recollectio
825 2827 950 2890 interior·
962 2825 1084 2908 spiritus
1094 2869 1103 2903 ,
1114 2835 1145 2891 et

133 2917 237 2996 quics=
252 2914 290 2975 dc
304 2915 417 2975 unione
431 2914 589 2993 loquemur
603 2912 680 2992 pdst.

174 3023 246 3084 155.
260 3021 379 3083 Primus
404 3020 497 3101 igitur
519 3022 627 3102 gradus
646 3021 902 3103 contemplationis
923 3030 968 3085 ast
988 3021 1145 3086 rmoilcatio

134 3102 387 3189 supernaturales.
397 3105 441 3164 De
448 3107 574 3166 naturali
580 3106 642 3185 jam
652 3109 781 3169 diximus
789 3107 877 3187 suprd
886 3111 990 3172 atat.
1002 3116 1145 3188 quartoue

135 3189 398 3269 liabetumquando
408 3192 657 3269 animoepotcntice
667 3195 845 3272 colliguntur
854 3194 890 3254 ad
900 3195 1146 3257 considerandum

135 3273 1146 3356 Deumintruso;etdiciturnoturaiia‚nonquiaanimaexseraleat

136 3361 219 3427 illam
237 3363 377 3439 operarip
391 3359 488 3418 omnis
499 3363 579 3423 enim
593 3364 668 3423 actio
687 3364 806 3424 virtutis
821 3407 830 3434 ‚
844 3372 879 3423 ut
890 3366 982 3442 possit
1000 3374 1145 3430 aeternum

138 3442 1146 3525 premiumpromeriri‚indigetauxiliograue3undcgeneratimlo·

134 3528 256 3607 quaudo
272 3537 320 3588 cst
334 3528 425 3588 etiam
437 3531 669 3605 supernaturalis
685 3551 694 3608 ;
709 3529 760 3589 sed
776 3527 925 3592 naturalia
941 3534 1066 3608 dicitur,
1078 3537 1147 3615 qnia

137 3612 236 3677 anima
254 3620 329 3677 tunc
348 3618 393 3672 est
413 3612 445 3679 iu
457 3621 534 3674 datu
551 3614 645 3677 activo
660 3659 670 3690 ,
686 3623 716 3676 at
729 3614 870 3681 beneficio
881 3618 982 3697 gratiae
994 3620 1148 3692 ordinariae
