2642 4167
355 225 381 305 ς.
397 225 451 286 lii.
466 221 581 285 Matisa
597 204 714 305 nprotis
730 222 921 305 stupescenda.
1086 226 1138 286 ill

135 328 317 411 configitur
337 327 368 386 in
391 333 536 386 aeternum
557 341 610 384 uos
630 324 810 400 amabimus,
831 325 910 384 Deus
932 340 1035 393 meus,
1057 341 1141 384 amor

135 434 240 488 meus,
253 422 289 472 et
307 409 418 472 omnia.

176 509 245 568 iesu
267 502 331 572 mi,
354 499 472 577 quando
493 497 645 561 osculabor
669 500 814 576 vulnera,
838 517 905 578 quae
927 516 983 578 pro
1008 517 1056 560 me
1077 517 1141 558 sus-

134 588 254 653 tulisti?
607 593 609 605 '

176 674 202 732 0
220 670 333 737 diaria,
351 665 537 745 quandonam
557 666 632 738 crit,
646 674 681 725 ut
700 683 748 727 me
764 666 881 727 videam
902 665 939 727 ad
961 665 1048 743 pedes
1064 665 1143 726 iliius

137 756 260 825 matris,
275 771 341 830 quaa
361 748 479 810 tantiam
499 768 548 810 me
569 751 702 822 amavit,
720 758 750 810 et
769 751 905 812 auxiliata
928 754 993 810 cst?

176 846 228 924 Eja
248 842 336 922 ergit,
358 842 503 902 Advocato
527 843 646 910 uestra,
664 841 729 901 illos
748 851 813 903 tuos
830 840 1031 903 misericordes
1044 841 1144 902 oculos

135 930 174 993 ud
196 948 250 990 nos
269 933 425 996 converte,
438 934 468 984 et
484 926 583 984 Jcsum
607 924 795 985 benedictum
815 925 943 989 fructum
965 925 1076 986 uentris
1099 925 1143 985 tui

136 1014 223 1077 nobis
243 1019 310 1090 post
329 1009 385 1070 hoe
409 1008 532 1068 exilium
554 1007 685 1068 ostende.

177 1098 472 1179 scavanorum,
495 1097 550 1180 qui
565 1095 686 1178 infirmo
706 1099 822 1182 uspperi
839 1109 966 1182 possunt
987 1100 1060 1163 dum
1077 1118 1145 1163 cru·

138 1186 263 1269 officum
278 1180 473 1246 deosculatur.

178 1276 353 1339 Dulcissimo
365 1277 452 1348 Jcsu‘,
466 1291 505 1335 ne
525 1273 663 1353 respicias
683 1275 754 1355 quid
775 1292 829 1355 ego
844 1275 876 1337 in
890 1284 938 1350 te,
955 1275 1006 1337 sed
1024 1275 1095 1354 quid
1112 1282 1145 1336 tu

138 1380 197 1442 pro
217 1379 265 1421 me
285 1359 388 1420 iecisti.

181 1451 345 1514 Recordare
367 1449 448 1530 qudd
469 1449 526 1511 sim
547 1468 607 1510 una
626 1467 663 1511 cx
681 1450 785 1512 ovibus
805 1451 885 1523 tuis,
908 1468 964 1529 pro
984 1466 1042 1528 qua
1065 1468 1147 1510 mor·

141 1546 211 1599 tuus
228 1554 271 1596 cs.

179 1620 320 1681 libenter
334 1636 389 1697 pro
403 1627 448 1692 te,
463 1618 514 1696 qui
529 1635 583 1696 pro
598 1636 646 1678 me
661 1636 760 1695 passus
777 1635 808 1676 es
817 1660 827 1692 ,
843 1615 989 1687 desumi,
1006 1616 1126 1676 moriar.

179 1705 326 1780 Accepto,
347 1704 414 1762 lesu
440 1704 502 1776 mi,
526 1703 658 1763 consumi
684 1719 739 1779 pro
764 1707 814 1773 te,
838 1700 890 1777 qui
915 1707 994 1758 totus
1015 1701 1146 1760 consumi

142 1787 260 1847 soluisti
281 1804 336 1863 pru
357 1803 416 1845 me.
479 1824 483 1835 ·

181 1870 328 1939 Domine,
350 1868 458 1947 majora
480 1878 513 1929 tu
535 1886 589 1947 pro
606 1887 674 1943 me,
693 1867 783 1949 quim
801 1885 854 1947 ego
875 1863 971 1946 prote
983 1869 1079 1948 patior
1092 1887 1100 1927 a
1115 1876 1148 1929 tu

143 1956 307 2022 innocens,
327 1969 380 2031 ego
399 1962 542 2030 peccator.

181 2044 376 2114 Deosc'ularc,
393 2045 484 2105 irater
507 2045 547 2125 mi
564 2043 650 2124 (dicet
667 2044 799 2107 sacerdus
817 2042 947 2123 infirmo]
961 2045 1048 2124 pedes
1062 2044 1147 2117 illas,

145 2132 196 2212 qui
213 2141 275 2191 tam
293 2129 331 2188 ad
348 2140 377 2190 tc
390 2132 536 2208 perditam
549 2149 633 2191 ovem
647 2132 833 2209 quaerendam
847 2139 877 2191 et
888 2132 1053 2193 salvandam
1069 2134 1149 2192 labo·

146 2223 299 2275 naverunt.
315 2213 369 2275 Dic
387 2232 511 2292 qtaacsoa
535 2216 750 2275 Amabiiissime
770 2216 970 2295 Redemptor,
991 2219 1151 2296 amplector

146 2298 234 2377 pedes
255 2300 340 2365 tuos,
363 2307 397 2357 ut
415 2297 583 2375 Magdaiena
608 2302 740 2377 amplexa
762 2300 839 2373 luit,
861 2301 905 2361 iac
926 2310 960 2361 ut
979 2302 1097 2360 audiam
1121 2310 1151 2360 te

147 2381 219 2444 mihi
240 2382 421 2460 pepercisse,
442 2384 545 2443 utilia
566 2384 689 2445 audivit.

185 2474 266 2533 Deus
286 2491 387 2548 meus,
404 2472 479 2533 mihi
497 2484 620 2554 propter
638 2493 770 2541 amorem
790 2477 859 2536 Jeeu
873 2474 980 2535 Christi
996 2491 1102 2553 parce,
1121 2483 1152 2534 et

146 2555 209 2627 iac,
229 2564 265 2614 ut
284 2555 359 2616 bene
380 2558 500 2617 moriar.

186 2648 274 2706 Pater
297 2656 426 2721 eterno,
448 2657 480 2709 tu
504 2649 578 2711 mihi
600 2649 709 2710 lilium
730 2656 815 2707 tuum
838 2647 1005 2719 tradidisti,
1028 2664 1077 2708 me
1098 2664 1152 2726 ego

150 2729 205 2813 titi
218 2730 316 2792 trado.

187 2821 256 2880 Jcsu
272 2821 330 2897 mi,
345 2820 473 2885 multdm
486 2826 540 2886 tihi
553 2825 686 2901 ingratus
698 2822 758 2892 sui,
773 2821 912 2883 miserere
924 2820 993 2881 mei.
1007 2822 1153 2882 llultotics

150 2903 299 2964 infernum
317 2907 412 2966 merui
424 2928 433 2983 3
447 2926 507 2971 non
525 2911 557 2969 in
575 2910 649 2978 alia,
673 2907 724 2984 sed
742 2908 772 2967 in
787 2905 842 2965 hac
856 2906 915 2965 vita
936 2924 984 2966 me
1004 2908 1087 2983 puni.

152 3079 172 3138 Γ
190 2996 221 3056 Si
244 3014 293 3056 me
312 2997 673 3080 fugientem‘quoesiristi‚
694 3019 743 3063 me
762 3009 793 3062 te
816 3009 995 3079 quaerentem
1016 3016 1053 3058 ne
1070 2999 1153 3058 dccc·

164 3097 276 3152 inques.

189 3163 258 3221 lesu
275 3163 459 3241 dulcissime,
483 3187 520 3230 ne
540 3172 693 3249 permittas
712 3189 758 3231 me
778 3170 906 3249 separari
925 3168 941 3229 d
961 3177 999 3228 tc.

191 3246 263 3318 Quis
283 3267 331 3308 me
351 3254 530 3330 separabitd
551 3256 690 3316 sturitate
704 3256 836 3317 Christi?

191 3330 319 3391 Domine
332 3335 400 3394 Jcsn
411 3335 542 3411 Christe,
556 3359 608 3418 per
619 3341 701 3401 illam
713 3340 957 3414 amaritudinem,
970 3355 1058 3416 quarn
1070 3337 1156 3396 susti·
1178 3373 1183 3378 -

154 3413 222 3472 nuit
241 3414 423 3478 nobilissima
446 3422 543 3481 anima
568 3433 639 3493 tua,
664 3425 781 3500 quando
806 3442 917 3502 egressa
943 3431 987 3482 cst
1011 3421 1048 3481 dc
1069 3421 1157 3482 benc·

155 3497 234 3555 dicto
250 3513 374 3577 corpore
387 3510 455 3572 tuo,
470 3507 609 3569 miserere
627 3508 732 3567 animae
746 3525 818 3568 mccc
832 3506 983 3585 peccatrici
998 3505 1029 3564 in
1043 3523 1158 3586 egressu

159 3578 197 3640 de
210 3596 331 3660 corpore
347 3603 424 3647 meo.
438 3580 540 3652 aaron.

960 3678 1008 3738 lb'.
