2642 4167
428 267 455 351 S.
470 270 509 331 ii.
524 268 609 331 Circo
624 266 728 329 teredici
740 263 878 349 officium.
1136 275 1156 332 7

146 370 346 453 spiritualium
369 368 433 448 ejus
456 367 644 431 morborum.
666 365 811 429 Nonnulli
835 366 1024 443 confessarii,
1046 378 1155 451 preter

145 455 257 535 species
280 461 311 515 et
331 471 490 515 numerum
514 449 814 531 peceatomm,nibi1
834 451 916 513 aliud
937 451 1104 530 inquirunt.
1121 455 1152 516 st

145 540 342 619 paenitentem
361 537 536 615 dispositum
557 536 680 607 vident,
698 535 796 596 statim
817 553 887 596 eum
909 535 1086 599 absolvunt:
1105 540 1152 599 sin

145 617 1151 699 neinus‚quinunum‘verbumimpendant,illicbdimittunt,oculo

143 712 261 766 retorto
283 705 434 765 dicentes:
451 701 571 764 Discede
591 704 693 770 dene,
707 701 781 780 quio
797 708 824 761 te
841 698 1067 765 metuerem
1084 721 1152 785 poe—

141 807 221 849 sum.
236 789 332 849 Aliter
347 787 512 864 procedunt
530 786 600 847 boni
621 786 807 860 confessarii3
818 782 851 845 hi
870 786 951 847 euim
970 787 1054 866 priuis
1068 788 1152 849 iuve-

141 874 251 950 stigare
263 873 411 949 incipiunt
421 871 518 931 morbi
535 870 681 948 originem
692 878 722 929 et
733 868 924 947 gravitatem,
942 870 1152 951 interrogando

140 956 180 1015 de
192 956 334 1034 peccandi
354 953 569 1015 consuetudine
581 997 590 1024 ,
603 953 642 1014 de
658 953 875 1027 occasionibus,
894 954 933 1015 de
946 964 1098 1034 tempore,
1113 955 1152 1016 de

142 1041 228 1109 ioco,
243 1041 280 1100 do
298 1040 431 1117 personis
447 1039 644 1116 quibuscum,
658 1054 719 1114 quo
733 1054 833 1098 rerum
846 1054 1003 1099 concursu.
1014 1040 1061 1099 Sic
1070 1039 1150 1099 euim

140 1124 248 1184 meliis
263 1132 404 1200 poterunt
421 1122 597 1200 poenitentes
617 1122 788 1199 corripere,
807 1138 858 1183 eos
877 1121 915 1183 ad
935 1121 1150 1185 absolutionem

139 1206 318 1283 disponere,
337 1215 367 1265 et
380 1204 511 1265 remedia
529 1204 667 1264 salutaria
677 1201 856 1281 'adiungere

178 1290 209 1350 7.
225 1289 277 1347 iiis
289 1287 571 1365 interrogationibus
583 1286 743 1361 adhibitis,
753 1296 783 1346 et
796 1286 912 1365 cogniti
924 1288 1023 1350 morbi
1036 1289 1151 1368 origiue

139 1391 175 1432 ac
189 1372 351 1449 gravitate,
363 1370 554 1431 confessarius
567 1370 706 1448 procedat
715 1368 752 1428 ad
764 1369 876 1430 debitas
884 1371 1152 1434 animadversiones

140 1455 299 1516 iaciendos.
312 1455 348 1512 Et
365 1454 500 1531 quamvis
526 1454 590 1526 inse
610 1463 751 1531 tauquam
776 1462 860 1531 pater
880 1453 985 1517 dobem
1006 1454 1150 1520 obuium

140 1540 317 1619 ,sentientes
336 1538 519 1607 auscultare,
538 1543 637 1596 tamen
658 1545 694 1596 ut
710 1534 841 1597 medicus
861 1541 1148 1619 tenetur-(quantum

139 1640 215 1701 opus
234 1620 290 1698 est)
311 1638 360 1679 eus
381 1621 503 1681 monere
515 1628 545 1679 et
556 1621 723 1697 corrigere,
736 1639 787 1680 eos
803 1624 968 1698 praesertim
981 1623 1033 1699 qui
1047 1624 1150 1685 multia

138 1704 316 1766 niortaiibus
331 1705 463 1781 gravati,
478 1703 516 1763 ad
537 1705 718 1781 penitentiae
739 1705 963 1764 Sacramentum
980 1703 1050 1766 raab
1068 1722 1149 1767 noea·

138 1790 227 1849 dunt.
236 1790 273 1847 Et
286 1785 342 1846 hoo
354 1805 463 1847 munus
472 1788 561 1847 etiam
570 1787 732 1864 adimplere
741 1787 829 1847 debet
838 1831 847 1861 ‚
857 1788 881 1849 si
895 1787 1041 1866 prenitens
1050 1790 1149 1869 aliqud

138 1872 249 1933 ssiustri
263 1870 403 1949 qualitate
413 1871 540 1949 fulgeat,
554 1868 696 1930 nimirum
708 1871 733 1931 si
746 1872 837 1931 suerit
848 1873 1052 1951 magistratus,
1066 1875 1149 1953 prio·

139 1974 228 2035 ceps,
251 1954 403 2028 sacerdos,
424 1953 591 2033 parochus,
614 1965 666 2015 aut
687 1956 848 2033 praelatus,
869 1956 894 2016 si
918 1955 956 2018 de
977 1959 1078 2036 aliquo
1101 1962 1147 2020 sui

139 2040 275 2100 muneris
284 2042 347 2099 sine
359 2040 453 2099 nimio
467 2039 558 2098 animi
572 2056 659 2098 sensu
679 2057 710 2099 se
724 2050 872 2102 accusaret
883 2040 936 2120 (i).
946 2043 997 2104 Ait
1007 2044 1148 2104 Summus

138 2123 274 2183 Pontifex
284 2120 458 2184 Benedictus
471 2123 561 2183 XIV.
577 2118 700 2198 (totto,
711 2123 924 2203 baodolinus.
939 2126 1018 2205 tid:
1028 2128 1148 2188 Conice-

138 2206 208 2265 sarii
228 2203 442 2268 admonitiones
463 2204 653 2265 concionibus
672 2206 742 2282 ipsis
753 2224 816 2267 esse
833 2208 1147 2288 efficaciores30tjure

138 2288 342 2364 catonemque
352 2288 586 2348 concionatorem
597 2292 691 2348 tacent
701 2289 926 2351 circumstantia
936 2293 1144 2369 particulares,

139 2393 207 2451 quae
228 2371 405 2433 confessario
424 2371 526 2449 aperit
544 2372 753 2444 innotescunt,
776 2372 902 2452 ideisque
924 2374 1019 2438 multb
1040 2378 1145 2440 melitis

137 2456 249 2537 poterit
268 2453 383 2515 debitas
405 2454 547 2515 adbibere
567 2454 854 2528 animadversiones,
876 2464 907 2518 et
927 2459 1058 2520 remedie
1081 2480 1147 2539 quae

137 2542 252 2602 morbis
262 2541 424 2619 expediunt
435 2540 658 2619 applicare.Nee
669 2541 860 2602 maressartus
870 2549 941 2603 tunc
951 2542 1040 2603 debet
1051 2553 1148 2604 atten-

90 2627 94 2636 “
137 2628 210 2686 ciere
221 2625 295 2686 ulios
308 2624 484 2704 paenitentes
498 2623 549 2700 qui
566 2623 665 2700 ipsum
682 2624 892 2699 circumstant,
904 2642 993 2694 nam,
1005 2632 1040 2683 ut
1052 2625 1147 2701 ajebat

136 2713 170 2770 S.
182 2710 292 2769 Frena.
305 2709 386 2769 Xeo.
399 2703 540 2785 (Turseli.
554 2705 588 2764 iet
599 2704 663 2765 vitu
677 2702 698 2762 l.
714 2708 743 2764 a.
759 2724 784 2765 e.
801 2707 814 2763 t
820 2705 882 2781 7.),
898 2706 1004 2765 meiius
1015 2717 1059 2767 est
1073 2725 1146 2786 pau·

136 2809 241 2851 eorum
260 2791 453 2852 confessiones
465 2788 523 2849 ritis
541 2789 630 2847 iactas
643 2785 764 2858 audire,
783 2785 872 2866 quim
885 2788 1050 2852 multorum
1063 2792 1145 2853 inor·

138 2876 268 2947 dinatus,
278 2884 309 2934 ot
321 2874 384 2933 sine
394 2874 505 2934 fructu.
514 2869 570 2932 tite
580 2870 816 2934 animadvertere
827 2880 962 2952 oportet,
975 2874 1065 2953 quim
1078 2895 1146 2954 per«

136 2975 239 3037 peram
253 2966 341 3037 agant
360 2958 403 3018 illi
421 2956 608 3029 confessarii,
623 2956 675 3033 qui
693 2957 718 3015 si
731 2958 924 3036 paenitentem
936 2958 1145 3037 indispositum

137 3042 364 3113 nanciscuntur,
376 3060 415 3102 ne
425 3059 492 3101 eum
510 3041 562 3101 ilio
575 3040 687 3117 aliquid
705 3042 855 3104 insumunt
869 3044 1032 3120 temporis,
1046 3045 1145 3106 statim

136 3123 203 3184 boe
223 3142 294 3185 eum
318 3126 400 3185 abire
417 3125 534 3202 jubent.
554 3125 652 3185 Sciant
677 3124 831 3204 propterea
852 3125 1017 3187 istiusmodi
1032 3128 1105 3186 coni
1131 3159 1146 3173 ·

136 3208 340 3279 sarii,ralidis
349 3210 405 3270 niti
414 3207 579 3269 rationibus
588 3210 764 3269 sententiam
775 3210 895 3270 iliorum
905 3207 1104 3288 doctorum(l.
1114 3215 1144 3272 o.

136 3308 170 3351 u.
185 3292 255 3353 608.
268 3292 368 3354 milio
379 3291 533 3371 Advorte),
548 3292 600 3371 qui
623 3294 729 3355 volunt
752 3311 808 3373 pro
828 3291 942 3354 vicibus
959 3293 1055 3355 tenen
1073 3313 1144 3356 con·

166 3405 199 3464 (1)
215 3426 228 3449 ι
241 3407 302 3454 cum
319 3406 456 3467 hujusmodi
476 3406 584 3454 adhiberi
596 3406 684 3454 debent
695 3408 857 3453 correctiones
876 3404 957 3453 verbis
973 3407 1105 3456 lenioribus
1120 3417 1146 3459 et

137 3487 150 3511 ι
166 3468 365 3525 discretioribus,
381 3471 423 3518 aed
438 3471 521 3529 majori
538 3472 609 3519 enimi
621 3472 760 3518 tortitudine
773 3478 799 3519 et
812 3470 908 3523 ociore,
926 3472 982 3517 cum
1001 3486 1031 3518 ex
1046 3472 1145 3521 istorum

137 3549 151 3575 a
167 3535 272 3592 pecatis
282 3544 381 3595 propter
393 3535 487 3593 grauius
495 3535 605 3582 damnum
615 3534 693 3596 ,quod
705 3534 808 3594 ipsoram
816 3533 877 3581 meio
884 3536 992 3596 exempto
1002 3536 1054 3582 aiiia
1062 3536 1151 3585 efferri·

135 3611 149 3637 n
166 3604 258 3690 poteeg,
269 3600 424 3707 perzieiosior
442 3597 584 3661 flagitiorum
602 3612 749 3659 consequeus
764 3612 818 3647 cese
833 3598 907 3647 soleat
918 3598 1021 3647 lieentia.
1040 3618 1051 3641 s
1071 3601 1139 3648 Hom.

137 3671 177 3723 ap.
190 3664 219 3707 tr.
231 3664 257 3706 ,1
278 3676 303 3708 a.
332 3694 339 3709 .
963 3664 1025 3709 ledit.
