2642 4167
429 299 486 380 *De
502 295 705 360 ladituatiset
716 293 862 361 naason.
1116 304 1156 366 oo

148 414 212 475 tus,
225 402 251 464 si
266 401 333 462 vult
346 401 410 480 ipse
422 400 460 461 66
475 418 590 460 sacrum
606 399 762 460 ascendere
781 399 936 479 ordinem,
951 418 1012 462 non
1025 402 1153 476 sufficit,

147 497 180 549 ut
197 488 239 547 sit
261 486 421 563 dispositus
441 483 479 544 ad
496 494 712 543 sacramentum
732 483 940 560 poenitentiae,
963 488 1015 545 sed
1037 496 1154 566 oportet

144 582 176 633 ut
189 572 282 633 etiam
293 570 452 647 dispositus
469 568 508 627 sit
526 568 565 630 66
579 566 782 646 recipiendum
795 576 1011 630 sacramentum
1022 572 1154 648 ordinis3

142 654 322 735 alioquinad
337 663 477 714 neutrum
496 652 655 730 dispositus
672 653 749 726 erit3
768 650 931 712 cumcuim
955 655 995 714 sit
1014 656 1153 735 indignus

140 740 316 802 ascendendi
337 739 374 798 od
398 739 490 798 altare
513 737 564 815 qui
583 737 634 796 vix
646 735 832 814 egreditur&
850 747 926 797 statu
945 741 1076 818 peccati,
1098 758 1153 801 nec

137 823 228 886 habet
243 824 422 903 probitatem
440 821 614 900 positivam,
629 823 821 880 necessariam
840 832 974 900 respectu
996 823 1034 883 66
1058 824 1152 884 subli-

136 910 273 970 mitatem
295 906 387 968 statirs
399 908 430 966 in
445 925 533 983 quem
547 905 670 965 immitti
692 903 804 975 inhiat,
820 906 880 983 ipse
895 909 1024 984 graviter
1035 916 1149 986 peccat,

136 994 160 1053 si
181 994 294 1070 absque
306 992 355 1051 illa
370 990 435 1050 vult
454 1007 570 1049 sacrum
595 988 730 1047 ordinem
745 988 907 1067 suscipere,
920 992 1033 1051 etiamsi
1057 1009 1150 1069 pona·

135 1086 189 1137 tur
203 1078 236 1136 in
253 1083 330 1136 statu
342 1075 456 1152 gratiae.
472 1074 660 1150 Quapropter
673 1080 744 1130 tune
759 1074 949 1134 confessarios
961 1077 1065 1152 nequit
1078 1093 1148 1137 eum

134 1160 307 1231 absolvere,
334 1158 390 1218 nisi
412 1157 566 1235 promittat
586 1156 733 1216 abstinere
753 1156 791 1215 ab
810 1157 915 1217 ordine
939 1159 1145 1238 suscipiendo,

133 1245 173 1304 ad
195 1262 284 1321 quem
303 1241 464 1303 oscendere
483 1259 545 1300 non
567 1240 697 1318 poterit,
718 1240 774 1300 nisi
797 1251 863 1320 post
881 1243 961 1322 longi
987 1244 1145 1322 temporis,

134 1329 241 1391 saltem
261 1328 394 1407 plurium
412 1327 559 1387 mensium
581 1324 798 1404 probationem.
819 1327 853 1386 ld
880 1325 967 1407 plene
988 1328 1147 1407 probatum

95 1403 101 1414 ’
132 1424 180 1474 ast
192 1415 224 1473 in
237 1413 450 1473 Dissertatione
461 1410 550 1488 Operi
571 1411 682 1469 inserta
695 1408 773 1488 (did.
791 1412 821 1471 6.
839 1430 871 1472 n.
888 1413 1147 1491 65.),66666616·

133 1499 222 1559 muni
245 1498 390 1557 sententio
407 1498 568 1556 Doctorum
589 1492 681 1572 (mat.
695 1512 727 1553 n.
743 1493 804 1573 68.)
818 1496 859 1556 ibi
882 1499 1066 1567 relatorum,
1092 1498 1144 1575 qui

130 1582 242 1642 docent
261 1580 341 1659 quod
358 1578 395 1639 66
413 1597 530 1641 sacrum
544 1579 681 1640 ordinem
701 1580 921 1657 suscipiendum
935 1600 995 1640 non
1016 1582 1084 1640 satis
1106 1581 1145 1640 sit

132 1663 448 1735 bonitascommunis,
465 1663 555 1723 idest
573 1662 699 1740 simplex
719 1664 890 1723 immunitas
905 1663 921 1722 a
937 1672 1144 1741 peccatomor·

131 1750 203 1825 tali,
217 1749 267 1809 sed
278 1750 442 1826 requiritur
459 1747 575 1807 bonitas
591 1748 741 1825 specialis,
757 1747 869 1806 virtute
886 1746 969 1822 cujus
983 1748 1143 1808 initiandus

130 1834 173 1894 sit
190 1832 208 1893 6
229 1834 327 1910 pravis
344 1831 495 1892 habitibus
507 1833 687 1908 depuratus,
704 1838 738 1889 ut
753 1828 853 1891 docuit
866 1831 907 1891 D.
921 1829 1046 1892 stamas
1059 1834 1100 1910 (6.
1110 1835 1140 1894 2.

130 1936 188 1999 qu.
204 1919 270 1977 189.
282 1924 341 1977 art.
358 1919 387 1976 1.
405 1914 445 1976 66
464 1916 528 1994 5.).·
547 1914 673 1976 Ordines
693 1914 773 1974 sacri
798 1915 983 1998 praeeaiqunt
999 1917 1142 1978 sanctita·

130 2000 312 2064 &ainamma
324 1999 441 2080 pondus
459 1997 598 2061 ordinant
619 1998 830 2079 rnrponendurn
847 2010 890 2068 est
903 2001 1066 2082 parietibus
1071 2002 1141 2083 jans

128 2091 188 2168 pe'r
198 2083 382 2145 sanctitatem
394 2082 591 2153 desiccatis...,
606 2081 638 2142 id
653 2091 731 2143 est...
748 2082 786 2145 at
800 2084 919 2147 laureare
934 2078 1089 2149 'vitiorum
1103 2089 1140 2147 Et

130 2172 212 2233 ratio
226 2179 288 2242 est,
302 2172 370 2248 quis
389 2171 413 2229 si
435 2169 615 2229 ordinandos
629 2168 705 2228 hanc
724 2188 784 2231 non
799 2170 888 2232 habet
905 2175 1060 2252 specialem
1072 2192 1139 2235 soa·

77 2307 84 2319 .
129 2256 431 2333 etitatem,indignus
449 2264 599 2331 estsuper
622 2255 738 2331 plebem
761 2258 918 2329 constitui,
940 2259 977 2317 66
997 2259 1139 2319 altissima

128 2339 233 2401 altaris
249 2340 409 2400 ministeria
422 2339 582 2399 exercenda
596 2359 604 2396 a
618 2337 701 2399 Sient
719 2335 921 2417 illiusquam
944 2343 1022 2402 idem
1035 2344 1065 2402 S.
1079 2345 1139 2402 Do·

128 2424 210 2498 etur)
235 2424 289 2503 qui
310 2423 444 2486 ordinatu
465 2423 651 2503 suscipiunt,
680 2421 898 2505 superplenam
917 2426 1140 2488 constituuntur

126 2506 230 2591 66666
241 2506 370 2584 ordinas,
385 2508 467 2569 itaet
483 2508 645 2587 superiores
655 2508 717 2568 sint
728 2508 831 2568 asserito
842 2511 1009 2571 sanctitatis
1020 2509 1137 2591 (Suppl.

128 2612 186 2672 66.
200 2593 248 2653 56.
265 2600 324 2652 art.
336 2594 365 2654 1.
378 2592 485 2669 665).
502 2595 540 2652 Et
555 2594 625 2652 alibi
641 2594 682 2671 (⁶2.
695 2595 725 2652 2.
741 2610 791 2671 66.
806 2595 874 2653 181.
889 2602 948 2653 art.
962 2595 1005 2671 8.)
1019 2613 1137 2672 expres·

128 2678 195 2739 siris
205 2671 354 2755 praelatam
368 2681 513 2739 rationem
530 2681 705 2748 contirmat,
720 2678 840 2736 dicens:
859 2677 937 2751 Quia
950 2697 1003 2757 per
1019 2696 1137 2741 accrum

126 2761 265 2824 ordinem
287 2760 448 2842 deputatur
471 2761 511 2824 66
534 2760 712 2841 diqnissa’ana
738 2757 924 2837 ministeria,
950 2760 1056 2842 quidus
1077 2763 1139 2843 ipsi

130 2843 251 2907 Christo
275 2845 402 2906 servitur
424 2843 458 2906 in'
477 2854 662 2907 sacramento
679 2840 807 2912 altaris,
822 2842 863 2905 ad
879 2843 957 2924 6666
974 2845 1139 2924 requiritur

126 2928 231 3008 major
253 2928 395 2991 sanctitas
423 2930 568 3005 interior,
593 2931 685 3010 quarn
715 2926 841 3007 requirit
865 2929 956 2991 etiam
985 2927 1136 3011 reliqions's

124 3021 237 3076 statas.

168 3097 221 3158 79.
235 3098 445 3160 Verumtamen
462 3099 607 3177 excipitur
622 3116 703 3159 casus
716 3097 805 3177 quoia
819 3100 881 3161 Deo
896 3099 1057 3161 donaretur
1068 3102 1134 3180 quis

125 3190 194 3244 166]
222 3184 455 3244 extramdinarisi
472 3184 717 3262 compunctione,
738 3201 804 3260 quae
821 3185 918 3261 ipsum
939 3186 1078 3245 liberaret
1096 3185 1134 3247 ab

126 3265 251 3341 antiqua
269 3265 445 3343 fragilitate3
458 3284 547 3339 nom,
565 3274 600 3326 ut
610 3268 652 3325 ait
663 3267 742 3327 idem
753 3269 909 3343 Angelicus
922 3269 964 3346 (5.
975 3288 1009 3349 p.
1022 3288 1072 3350 qu.
1082 3271 1131 3333 86.

125 3354 189 3409 art.
203 3348 233 3407 6.
247 3345 288 3407 66
297 3348 358 3426 ld:
379 3349 561 3428 Quandoque
578 3354 663 3410 tantd
677 3348 865 3411 connectione
881 3354 1019 3412 conuertit
1031 3354 1132 3432 (Deus)

124 3429 318 3493 certaminis
330 3476 338 3502 ,
351 3440 387 3493 at
398 3432 495 3495 subito
505 3433 629 3515 perfecte
640 3441 836 3512 consequatur
847 3432 1032 3495 soractitatena
1042 3439 1132 3517 spiri-

125 3511 249 3575 radan.
264 3517 350 3576 Rome
362 3518 484 3598 quidem
502 3529 572 3578 sunt
583 3518 752 3595 hujusmodi
771 3517 992 3589 conversiones,
1006 3529 1035 3578 et
1057 3541 1131 3599 prae·

123 3599 232 3662 sertim
247 3600 279 3658 in
300 3599 490 3670 ordinandis,
511 3601 580 3662 licet
597 3601 725 3678 aliquam
748 3608 848 3678 potant
867 3600 988 3660 domum
1013 3604 1131 3681 religio·

117 3700 209 3760 mm,
234 3689 269 3743 ut
290 3684 455 3762 spiritualia
471 3695 558 3764 agant
577 3687 713 3745 exercitia
726 3706 735 3763 5
749 3684 796 3744 isti
819 3683 899 3742 enim
916 3692 949 3743 ut
968 3685 1130 3763 pluriminn
