2642 4167
423 205 473 265 Be
488 199 624 284 operabor
639 197 788 263 denedicti
802 197 885 262 XIV.
1100 203 1157 263 stt

149 310 308 375 stationem
321 350 330 379 ‚
349 305 373 366 si
393 304 577 367 visitaverint
593 304 748 382 assignatis
761 302 873 369 vicibus
885 301 1042 365 Ecclesiam
1054 300 1159 361 Gathe-

147 393 281 462 dralem,
296 386 344 451 vel
360 387 521 471 majorem,
536 397 566 449 et
583 387 796 447 consessionem
807 403 960 447 aesacram
976 386 1159 451 communio.-

150 496 220 541 uem
236 475 425 553 exceperint,
442 473 574 532 eamdem
593 472 804 549 indulgentiam
821 477 1048 547 consequantur..
1147 500 1150 507 ,

190 559 331 622 'Concedit
348 558 439 618 etiam
459 556 607 634 impeditis
622 598 630 624 ,
644 565 680 614 ut
693 572 747 634 pro
761 554 974 623 visitationibus
989 554 1050 621 ‚alia
1070 568 1160 631 opere

150 643 319 727 praestando
342 642 533 717 designentur
556 638 574 699 a
591 640 795 716 superioribus
814 637 875 696 suis
897 653 951 715 per
972 655 1018 707 se,
1039 637 1087 699 vel
1106 654 1161 714 per

151 724 316 808 prudentes
333 725 533 786 confessarios.
550 723 797 783 Communionem
815 723 903 781 etiam
921 721 1160 787 sacramentalem

150 811 300 890 permittit
320 808 495 869 commutari
513 824 582 866 cum
602 807 702 884 pueris
721 805 854 865 nondum
875 804 1009 866 admissis
1025 804 1063 864 ad
1081 822 1162 865 eom·

151 914 339 956 nrunronem.

192 980 268 1039 Cum
290 974 551 1036 communitatibus
570 970 720 1033 vcrdtam
742 972 941 1051 regularium,
962 971 1050 1050 quim
1071 990 1162 1033 secu·

151 1063 284 1131 lnrium‚
306 1059 461 1138 capitulis,
482 1056 778 1134 congregationibus,
800 1056 1021 1131 sodalitatibus,
1042 1057 1162 1127 univer·

150 1144 308 1219 sitatibus,
335 1141 465 1218 collegiis
492 1139 748 1223 processionaliter
772 1140 958 1209 visitantibus
982 1141 1161 1212 Ecclesiam,

149 1229 357 1311 visitationum
377 1223 548 1301 hujusmodi
572 1220 730 1291 numerum
750 1224 887 1305 restringi
906 1225 1062 1303 permittit.
1151 1278 1154 1289 ‚

146 1316 150 1319 ’
192 1311 296 1395 Quoad
315 1309 455 1371 moniales
472 1317 500 1375 ei
526 1307 673 1377 novitias,
693 1308 845 1387 concedit,
864 1318 896 1387 ut
909 1309 1083 1387 eligeresibi
1095 1325 1162 1388 pos·

150 1396 214 1457 sint
234 1393 271 1455 ad
288 1392 367 1453 laune
386 1391 521 1457 ellectum
542 1392 749 1453 conlessarium
770 1410 986 1473 quemeumque
1003 1411 1040 1455 es
1055 1410 1163 1471 uppem

152 1480 231 1542 batis
249 1480 284 1538 ad
304 1477 446 1538 moniales
462 1477 499 1541 ab
517 1475 675 1537 Ordlnnrio
690 1477 794 1535 arctuali
814 1477 879 1538 lori.

193 1563 296 1637 Quoad
310 1572 429 1621 caeteros
439 1578 541 1625 omnes
557 1562 643 1625 etium
657 1561 825 1637 regulares,
841 1561 992 1629 coneedit,
1008 1571 1040 1620 ut
1053 1561 1163 1637 possint

78 1701 80 1706 ,
151 1649 211 1709 sibi
225 1647 334 1728 eligere
345 1663 561 1725 quemcumque
578 1645 783 1703 confessarium
807 1655 865 1710 tani
891 1646 1055 1722 regularem
1075 1645 1163 1723 quim

144 1732 328 1793 ‘saecularem
357 1730 393 1789 ab
419 1729 525 1797 actuali
548 1726 706 1789 Ordi'uario
731 1729 786 1799 loci
821 1728 1038 1807 approbatum,
1062 1727 1078 1797 1
1105 1747 1163 1806 quc
1273 1758 1279 1771 ,

150 1816 266 1877 absolvi
298 1804 461 1895 pessint'in
488 1812 552 1873 loro
574 1812 759 1881 conscientiae
777 1812 814 1873 ab
835 1813 972 1879 omuibus
1000 1812 1164 1881 censurisi

146 1900 243 1978 jure,
264 1900 311 1959 rel
326 1899 363 1958 ab
376 1896 497 1956 boariae
513 1896 596 1963 latis,
618 1892 708 1961 etiarm
731 1898 895 1974 apostolicas
908 1898 975 1957 Sedi
991 1899 1162 1970 reservetis.

150 1984 246 2050 etiam
272 1986 304 2044 in
325 1983 407 2044 hullt
439 1983 558 2050 Caerete,
588 1988 618 2045 el
643 1982 817 2057 commutari
842 2000 945 2053 eorum
975 1991 1056 2051 vot-a·
1075 1984 1164 2051 etan

147 2068 275 2146 jurata,
296 2076 327 2127 et
346 2065 511 2144 apostolieae
526 2063 592 2125 Sedi
619 2075 781 2139 reservata,
802 2078 921 2146 excepto
940 2079 1010 2129 voto
1026 2069 1164 2137 eastitatis

150 2157 186 2212 et
204 2151 376 2230 religionis,
394 2158 424 2209 et
453 2149 513 2219 iis,
540 2149 648 2231 quibus
670 2147 719 2226 jus
736 2153 823 2212 tertio
841 2153 1016 2230 acquisitum
1040 2163 1107 2224 est,
1134 2161 1165 2215 et

150 2235 325 2313 dispensare
358 2232 455 2312 quoad
487 2235 754 2310 irregularitatem,
780 2254 844 2297 eam
864 2238 1073 2309 solummodb‚
1098 2254 1165 2314 qun

152 2328 305 2379 contracta
326 2326 369 2380 cst
401 2317 439 2376 cb
468 2335 660 2385 censurarum
692 2320 892 2383 violationem.
926 2323 1065 2385 Reservat
1092 2320 1164 2383 verb

151 2404 194 2462 do
221 2419 303 2463 ruore
327 2402 542 2473 absolutionem
564 2402 713 2478 complicis
730 2405 760 2461 in
775 2422 808 2462 ve
830 2407 965 2467 venerea.
981 2407 1022 2464 Ac
1046 2405 1164 2471 taudem

151 2485 283 2547 declarat
304 2505 389 2560 cum,
405 2486 456 2564 qui
480 2484 627 2565 predictis
640 2486 826 2553 lacrvltatibus
850 2505 967 2564 compos
986 2489 1048 2546 voti
1074 2489 1165 2553 lactus

150 2570 265 2647 luerit,
282 2571 306 2629 si
333 2570 400 2629 dein
425 2578 520 2629 mutet
542 2567 724 2633 voluntatem
748 2568 881 2631 lucrandi
902 2570 1056 2645 jubilorum
1076 2613 1084 2639 ‚
1104 2587 1165 2629 non

151 2651 224 2714 ideb
240 2653 369 2713 incidere
389 2653 421 2711 in
440 2653 553 2731 priores
569 2669 724 2722 censuras,
741 2669 791 2715 seu
811 2651 888 2711 votis
906 2653 1027 2729 astringi
1041 2696 1049 2723 ,
1062 2670 1165 2730 quem·

152 2734 245 2814 quiun
270 2736 415 2819 dpeccoti
437 2745 521 2795 reete
546 2734 597 2801 etr
620 2734 780 2799 irurrrencm
804 2735 915 2801 cermirt‘
937 2753 1021 2815 posse
1039 2735 1164 2813 jardieet.

151 2818 288 2880 Tandem
322 2839 395 2891 eos,
421 2821 471 2901 qui
501 2829 597 2880 morte
618 2821 759 2903 praeventi
782 2820 984 2881 visitationum
1006 2838 1165 2887 numerum

152 2903 307 2981 complere
330 2905 544 2982 retardarunt,
566 2904 710 2977 corilessos
735 2914 764 2971 et
785 2905 865 2966 sacri
886 2907 1095 2971 communione
1117 2919 1165 2967 re·

151 2986 246 3046 scelos
269 2988 450 3066 indulgentia
475 2988 576 3047 cadem
601 2988 701 3053 donat.

154 3094 158 3100 ·
197 3072 349 3132 absolutio
366 3073 402 3132 ab
419 3071 543 3144 lraercsi,
565 3074 679 3139 etiamsi
697 3070 831 3152 expresse
858 3091 918 3135 nou
943 3079 1110 3139 reservetur
1132 3072 1164 3139 in

153 3155 239 3216 bulltl
261 3156 396 3227 lubilmi,
411 3155 506 3215 adhuc
525 3167 621 3216 tanuen
641 3176 701 3216 nou
714 3167 848 3217 censetur
865 3159 1030 3237 permissa,
1051 3158 1164 3218 etiamsi

155 3242 241 3302 bulla
259 3244 482 3309 absolutionem
497 3241 514 3303 l
527 3242 935 3323 criminibus,inbulldCoeooe
953 3246 1112 3324 expressis,
1133 3246 1165 3304 in

154 3344 266 3402 genere
285 3330 461 3405 permittat,
488 3337 521 3388 ut
542 3328 672 3388 decrevit
695 3347 775 3388 sacra
800 3331 993 3408 congregatio
1018 3332 1047 3390 S.
1072 3329 1165 3390 Ollirii

154 3411 207 3471 die
223 3414 261 3472 25
283 3413 382 3473 martii
400 3413 488 3474 16116.
501 3411 556 3471 sub
572 3410 739 3474 Alexandro
755 3414 824 3473 Vll.
847 3415 975 3481 institut.
991 3415 1099 3483 Eecles.
1115 3412 1164 3482 48·

154 3512 242 3554 nuni.
262 3496 309 3555 te.
397 3506 401 3515 '
1102 3502 1105 3506 ’

195 3579 230 3637 111
240 3578 360 3655 jubilaeo
378 3579 546 3640 confessarii
565 3579 601 3639 ab
620 3577 778 3638 ordinario
799 3578 918 3643 alterius
936 3580 993 3642 loci
1016 3577 1166 3658 approbati
