2642 4167
333 274 336 281 ¹
399 256 448 314 Eu
463 250 598 334 operibus
608 255 761 316 liuudicti
774 254 864 319 XIV.
1080 264 1137 325 577

128 353 174 412 dis
184 352 314 430 juribus
339 354 462 430 Roman.
482 356 592 413 Pontii.
615 356 702 416 atnied
722 357 974 436 competentibus,
990 356 1063 422 oiim
1082 365 1141 425 100

127 436 164 495 ad
179 436 280 497 minias
296 454 443 495 annornm
467 439 595 512 spatium
609 439 673 498 sine
693 440 753 499 olld
772 440 991 518 interruptione
1005 463 1140 521 perseve-

127 520 252 581 raverit.
278 518 531 580 Considerandom
557 522 680 598 insuper
701 532 731 583 et
754 523 964 602 potissimum,
985 526 1057 588 ndm
1086 548 1140 608 per

130 621 197 662 eam
216 602 458 673 consuetudinem
480 603 688 686 disrumpatur
704 625 813 667 aereus
832 605 1029 672 ecclesiasticae
1050 611 1139 674 disci·

129 685 223 766 pliaoe
234 711 245 747 .-
257 697 329 748 tune
346 689 426 748 enim
440 705 602 765 numquam
621 700 722 751 eontra
734 692 829 768 legem
841 695 1051 769 praescribitur.
1066 700 1136 774 Cap.

133 771 207 829 Caela
232 770 329 848 iuter,
346 770 381 832 de
396 780 523 832 consuet.
542 774 638 833 Traet.
656 774 770 852 deSyn.
786 775 872 834 dioee.
893 776 916 834 l.
927 779 957 836 9.
972 797 998 836 e.
1012 781 1043 837 2.
1064 800 1095 841 n.
1108 784 1136 841 5.

169 856 206 913 ln
226 857 384 915 contractis
403 858 608 916 matrimoniis
629 874 684 935 pro
707 877 810 918 eorum
837 861 1051 922 resolidatione
1077 874 1137 925 non

132 939 281 1016 dispensat
296 941 326 999 S.
339 936 558 1007 Paenitentiaria
575 942 606 999 in
627 941 766 1017 gradibus
779 944 876 1020 primo
886 954 916 1004 ct
930 948 1057 1004 secondo
1068 964 1139 1008 con-

128 1022 336 1099 sanguinitatis
349 1024 405 1081 ael
422 1024 571 1082 affinitatis
588 1042 625 1084 ex
641 1027 746 1104 eupold
767 1029 865 1101 licita,
882 1030 938 1088 nisi
954 1030 1029 1090 lorti
1050 1028 1138 1092 insc-

130 1104 330 1183 eundoprada
345 1108 583 1184 perdeecnnium
593 1109 870 1171 duravitoccaltnm
880 1109 1137 1191 impedimentum,

129 1197 160 1248 et
173 1189 311 1268 conjuges
323 1201 356 1250 nt
376 1192 499 1269 legitimi
516 1194 644 1269 reputati
660 1195 782 1254 luerint.
799 1198 832 1254 ln
855 1198 979 1274 reliquis
994 1199 1065 1259 vend
1078 1201 1139 1259 dis-

130 1281 255 1351 pensat,
270 1275 344 1333 sieut
359 1275 389 1332 in
406 1275 545 1352 gradibus
561 1285 590 1334 ct
606 1278 695 1336 tertie
709 1321 717 1342 ,
733 1288 765 1337 et
776 1289 883 1356 quarto
897 1282 1023 1358 publicis
1038 1284 1139 1342 revali-

131 1357 182 1414 dot
194 1359 382 1418 matrimonia
402 1377 438 1417 cn
461 1360 544 1429 carad
564 1361 677 1419 oectrltd
694 1363 893 1440 subreptionis
909 1374 939 1424 et
958 1366 1139 1440 obreptionis

130 1440 297 1501 litterarum
308 1444 543 1521 Apostolicorum
572 1445 694 1503 nullitcr
719 1454 886 1518 contracta,
907 1448 1006 1508 nisisi
1031 1448 1139 1507 salsitas

131 1525 269 1587 consistat
282 1527 314 1586 in
337 1529 504 1587 narratione
516 1529 586 1587 saled
599 1528 790 1606 praecedentis
799 1533 922 1609 copbloe.
937 1532 1020 1591 Bulla
1030 1534 1139 1592 Pastor

133 1605 528 1671 urana.›viocinst.ttcetes.
544 1615 594 1672 87.
1038 1644 1040 1646 ·

169 1691 200 1750 Si
219 1692 251 1751 in
267 1693 516 1772 dispensationes
533 1697 652 1755 Datarid
669 1697 789 1757 obtcutd
807 1697 905 1774 quoad
917 1697 1026 1776 grados
1039 1697 1140 1775 prolri·

133 1773 211 1834 bites
233 1779 392 1838 reticeatur
408 1779 511 1857 copula
528 1798 564 1838 cx
581 1781 666 1840 cause
687 1782 835 1852 infamiae,
857 1792 928 1841 tnnc
951 1800 1029 1840 sacro
1041 1784 1139 1841 Poeni-

132 1862 268 1922 tentiaria
288 1862 438 1940 dispensat
451 1866 481 1922 in
499 1866 690 1923 matrimonio
699 1865 918 1936 contrahendo,
931 1875 961 1925 et
972 1868 1060 1926 ctiam
1074 1886 1139 1927 con·

133 1953 244 2016 tracto,
261 1945 371 2007 atesim
390 1948 492 2024 agitor
504 1948 649 2025 deprimo
663 1953 695 2007 in
706 1951 867 2008 mundium
885 1951 1030 2026 gradum,
1048 1953 1139 2029 exigit

134 2033 376 2108 compositionem
404 2034 446 2092 ab
459 2032 632 2093 ducatorum
659 2035 723 2093 sori
739 2034 778 2092 de
799 2035 941 2107 Camari,
970 2034 1027 2096 nisi
1045 2040 1140 2116 gratid

132 2120 219 2197 prior
233 2116 321 2181 lucrit
335 2123 468 2200 expedita
488 2125 520 2182 in
534 2124 629 2184 lormd
646 2140 821 2202 pauperum.
837 2126 914 2185 lbid.
925 2126 952 2206 3.
971 2120 1021 2188 ll.

174 2206 205 2264 Si
226 2206 647 2286 indispensationcdllatarid
668 2210 759 2286 petitd
781 2212 811 2271 in
832 2212 1055 2290 impedimentis
1072 2234 1138 2291 gra·

134 2293 226 2352 doum
241 2294 631 2371 expressa-‘ineritcopnla‚
653 2296 740 2354 taciti
759 2305 857 2356 tomen
879 2297 955 2356 maid
976 2300 1139 2359 intentione

132 2374 248 2436 ilcilids
264 2372 430 2437 obtinendae
453 2378 702 2455 dispensationis,
727 2381 840 2437 tuncsi
858 2381 933 2437 mala
952 2381 1077 2441 intentio
1102 2385 1140 2441 sit

134 2459 270 2531 occulto,
288 2460 435 2539 dispensat
446 2462 477 2520 S.
488 2462 707 2521 Poenitentinria
719 2479 787 2519 cnm
804 2463 1021 2523 miserabilibus
1040 2480 1139 2539 perso·

134 2545 183 2604 nis
198 2543 345 2616 absolute,
358 2546 556 2622 cumreliquis
566 2546 630 2604 taxd
644 2544 776 2604 delinit-d.
788 2546 818 2603 Si
833 2544 903 2605 verd
925 2547 1027 2622 capula
1039 2545 1138 2608 habita

133 2631 224 2690 scierit
239 2630 399 2699 affinitate,
414 2649 465 2690 seu
476 2632 728 2708 consanguinitate
738 2648 796 2689 nean
807 2630 916 2703 agniti,
933 2638 1003 2688 tnnc
1015 2648 1070 2707 pro
1080 2630 1140 2689 dis-

132 2715 355 2791 pensationibus
381 2731 442 2774 non
467 2724 512 2774 est
542 2712 704 2774 necessario
726 2713 931 2791 exprimenda.
958 2714 1030 2771 lnst.
1061 2715 1136 2776 Ecel.

135 2801 186 2856 et.
202 2816 235 2857 n.
251 2800 301 2859 25.

172 2883 207 2941 ln
220 2882 438 2961 impedimentis
448 2883 568 2943 occultis
578 2883 725 2942 affinitatis
733 2900 768 2942 cx
781 2881 1009 2960 copoldillieitd.
1022 2879 1141 2942 absente

134 2967 224 3025 ctiam
248 2966 380 3044 periculo
406 2967 608 3026 scandalorum
631 2969 663 3026 in
691 2976 861 3037 contracto,
885 2975 915 3026 et
938 2963 1140 3026 contrahendo

32 3124 34 3127 Ι
134 3050 344 3122 matrimonio,
365 3051 397 3108 in
419 3050 484 3109 loro
501 3050 687 3110 eonscientiae
706 3050 867 3126 dispensat.

171 3133 327 3211 Dispensat
341 3133 431 3193 uiam
448 3135 480 3193 in
499 3134 713 3212 impedimento
735 3133 869 3193 criminis
892 3141 954 3193 tam
979 3150 1035 3211 pro
1071 3150 1142 3192 con·

134 3224 246 3286 tracto,
263 3215 353 3294 quim
372 3235 427 3294 pro
446 3216 665 3288 contrahendo,
681 3217 731 3277 ubi
753 3217 834 3277 ncilla
853 3216 934 3276 adest
952 3215 1140 3277 machinatio.

133 3298 234 3358 Potest
251 3301 341 3359 etiem
357 3300 545 3377 dispensare,
561 3300 681 3377 quondo
699 3302 798 3378 agitor
809 3300 848 3359 de
862 3299 1085 3360 machinatione
1105 3319 1141 3358 cx

132 3383 345 3460 [cartelanbim
364 3386 551 3460 alterutrius3
566 3384 596 3443 id
612 3395 710 3443 tamen
727 3382 823 3443 rarids
840 3391 967 3459 praestat.
988 3385 1032 3443 lb.
1052 3403 1082 3442 n.
1095 3386 1142 3443 lt.

173 3469 210 3527 ln
230 3468 449 3546 impedimentis
465 3468 612 3545 dispensat
637 3468 727 3526 etiam
759 3468 783 3525 si
813 3467 923 3525 luerint
950 3468 1141 3553 multiplicia?

133 3554 212 3613 sicot
223 3561 255 3612 et
271 3546 421 3632 dispensat
431 3555 462 3613 in
471 3554 536 3611 lore
553 3553 738 3611 conscientiae
750 3568 803 3626 pro
814 3552 1029 3627 legitimatione
1040 3552 1142 3629 prolis,

134 3636 192 3696 nisi
206 3637 257 3696 illa
272 3647 411 3716 concepta
434 3636 565 3698 luentia
583 3635 740 3696 adulterio.
757 3634 801 3694 lb.
817 3652 848 3693 n.
863 3635 957 3774 ωδε)
