2642 4167
351 275 423 354 Cup,
438 277 466 334 1.
480 276 526 336 De
537 278 729 340 serrtttttettlt's
748 276 783 338 in
799 294 910 360 pentec.
1079 284 1135 345 tet

46 423 49 428 -
123 382 229 455 nibus,
243 378 417 459 paenitentia
437 380 594 459 prolapsis
611 381 643 440 in
665 383 789 442 mortale
797 382 809 454 ',
828 393 858 444 ct
872 379 1012 461 ortlrpro
1031 382 1130 462 iisqui

122 475 304 527 sacramenta
331 463 536 535 Eucharistiae,
555 474 585 525 et
611 468 794 543 paenitentiae
810 469 982 529 ministrant
1006 488 1015 528 a
1038 470 1130 529 ctiam

123 549 304 609 Enclraristia
324 548 416 627 (juxta
439 550 667 627 probabiliorem
682 554 880 630 sententiam),
898 554 1001 613 saltem
1015 553 1047 612 in
1060 561 1129 613 voto

122 634 267 711 implicito
277 630 312 711 (l.
327 637 357 694 6.
368 652 400 693 n.
412 630 502 708 tan).
513 635 575 693 Alia
590 637 759 696 necessitate
770 637 928 717 precepti,
943 647 975 697 ut
985 647 1055 697 sunt
1064 655 1129 697 con·

119 718 273 788 ¹firmatio,
284 717 369 792 juxta
388 719 569 796 probabilem
594 722 791 792 sententiam,
815 720 883 782 licet
902 724 1034 800 opposita
1048 722 1128 781 Nar.

120 803 212 863 Suae.
225 802 291 863 Soti
299 847 307 875 ‚
321 804 426 882 Lepta.
438 806 529 865 Rene.
549 806 686 883 Wt'pant‚
701 824 737 864 cn
751 809 791 865 D.
809 806 862 867 rt.
884 806 974 885 (ino.
988 825 1021 887 p.
1036 823 1066 885 q.
1078 808 1127 866 72.

122 894 182 945 ert.
199 886 242 964 8.)
257 897 287 947 et
302 889 428 947 aliorum
444 892 532 947 etiarn
547 892 585 949 sit
604 891 765 967 probabilis
777 887 810 968 (l.
826 893 855 951 6.
869 910 902 951 a.
923 890 1014 969 l8l.).
1030 900 1060 950 et
1077 907 1129 952 ex·

120 980 216 1031 trema
230 973 348 1040 unctio,
362 971 445 1048 juxta
461 974 690 1049 probabiliorem
713 978 906 1050 sententiam,
927 974 1051 1036 ornninb
1062 992 1129 1036 sua·

120 1056 247 1115 tendam
264 1057 308 1136 (n.
320 1058 411 1136 toa).
425 1058 575 1136 Secundo,
600 1062 655 1119 alia
676 1071 745 1120 sunt
757 1070 936 1121 sacramenta
958 1057 1106 1122 iterabilt'e
1115 1104 1127 1137 ‚

119 1151 154 1200 ut
176 1140 380 1213 Eucharistia,
402 1143 594 1220 paenitentia,
614 1154 750 1216 extrema
771 1148 872 1206 unctio
890 1191 899 1217 ‚
917 1156 946 1206 et
974 1146 1128 1205 matrimo-

119 1227 226 1303 nium3
242 1226 297 1285 alia
308 1236 377 1286 sunt
388 1225 591 1300 initcrebt'lie,
614 1239 648 1287 nt
661 1230 824 1308 baptismus
837 1275 845 1300 ,
866 1230 1072 1299 confirmatio,
1097 1235 1128 1288 et

85 1326 87 1329 ’
119 1310 212 1379 ordo,
227 1319 350 1389 propter
373 1310 587 1384 characterem,
610 1333 699 1391 quem
718 1314 917 1375 indelebiliter
938 1315 1126 1393 imprimunt.

122 1395 241 1467 Tertio,
261 1396 317 1455 alia
335 1405 404 1456 sunt
421 1407 598 1457 sacramenta
618 1397 821 1472 tenetentum,
841 1411 875 1459 ut
898 1400 1077 1478 baptismus,
1096 1407 1126 1458 et

118 1481 312 1557 poenitentia,
333 1483 403 1559 quia
425 1482 552 1560 primam
574 1484 732 1543 conterunt
757 1485 882 1562 gratiam
901 1492 930 1543 et
954 1477 1126 1558 supponunt

119 1565 248 1624 animam
267 1575 433 1637 mortuam,
453 1566 483 1626 id
507 1577 550 1626 est
573 1571 667 1646 gratia
693 1580 842 1628 carentem
866 1590 874 1626 ε
898 1564 1125 1635 cluainerena,

119 1668 186 1727 quae
210 1651 367 1728 aliquando
390 1669 443 1730 pce
460 1654 593 1712 accidens
616 1653 689 1712 dant
711 1654 800 1712 etiam
822 1652 951 1730 primum
979 1649 1126 1727 gratiam,

117 1732 263 1794 nimirum
283 1754 349 1794 casu
362 1754 420 1813 quo
432 1737 538 1814 aliquis
557 1738 698 1806 attritus,
718 1737 794 1795 bona
809 1736 869 1794 fide
888 1745 993 1812 putans
1012 1751 1043 1792 sc
1056 1751 1127 1792 coa·

118 1822 224 1882 tritum
238 1865 246 1882 ,
262 1820 311 1879 illa
327 1822 468 1900 suscipit,
484 1830 518 1881 nt
539 1822 645 1881 docent
668 1820 861 1898 probabiliter
870 1821 971 1900 lupo,
988 1819 1124 1890 Suercz,

120 1910 193 1966 Con,
218 1904 285 1985 Caj.
304 1906 408 1978 Crete,
429 1903 521 1967 Salm.
547 1907 679 1985 Castrnp.
702 1914 732 1965 ct
755 1906 804 1965 alii
825 1905 924 1983 plures
942 1922 979 1965 ex
998 1905 1039 1963 D.
1057 1900 1125 1975 rt,

117 1991 320 2060 eontraalios,
335 2009 370 2050 ex
395 1989 545 2051 communi
571 1989 605 2070 (l.
625 1994 655 2051 6.
678 2010 710 2052 n.
731 1992 806 2068 tt).
824 1992 953 2066 Qatortti,
976 1990 1032 2050 alia
1055 1996 1124 2048 sunt

116 2076 270 2156 fornrata,
287 2076 316 2136 id
333 2086 377 2148 est
400 2096 467 2136 cum
487 2078 592 2137 ellectu
613 2078 734 2156 gratiae,
752 2078 808 2136 alia
822 2075 989 2157 informia,
1014 2073 1124 2134 scilicet

117 2164 181 2222 sine
196 2161 350 2222 collatione
368 2164 491 2240 gratiae,
508 2182 574 2241 quae
593 2169 636 2223 e‘st
650 2162 825 2224 sacramenti
842 2162 947 2223 lorma.
959 2162 1006 2221 An
1024 2170 1123 2219 autem

117 2250 207 2310 detur
228 2255 441 2308 sacramentum
467 2250 647 2327 poenitentiae
669 2250 801 2309 validum
822 2256 852 2307 et
869 2248 1014 2315 informe,
1030 2245 1061 2303 id
1079 2250 1123 2303 est

117 2336 180 2394 sine
197 2333 307 2411 gratia,
321 2333 370 2392 alii
389 2343 517 2412 negant3
531 2334 580 2394 sed
599 2335 811 2405 communiter,
824 2342 854 2393 et
867 2329 965 2392 veriirs
981 2330 1030 2389 alii
1043 2328 1123 2386 allic-

116 2426 213 2481 mant.
226 2419 313 2477 Casus
324 2427 398 2478 osset
415 2415 557 2479 nimirum
571 2420 595 2478 si
610 2422 676 2498 quis
694 2421 838 2498 acciperet
852 2415 1066 2477 absolutionem
1084 2410 1121 2469 ab

116 2508 218 2582 aliquo
238 2505 355 2563 mortali
386 2514 502 2582 peceato
527 2524 593 2565 cum
617 2506 768 2566 attritione
784 2514 921 2583 concepta
947 2499 1061 2560 tanturn
1084 2516 1120 2559 ex

115 2589 304 2668 turpitudine
320 2592 534 2668 supernaturali
565 2592 644 2650 illius
667 2590 801 2668 pcccati,
823 2598 853 2647 et
880 2606 947 2647 curn
972 2585 1121 2645 oblivione

116 2674 290 2751 inculpabili
312 2676 432 2736 alterius
451 2676 559 2754 peccati
580 2675 724 2734 mortalis.
745 2670 820 2749 (Qui
841 2668 906 2730 ettlt
927 2669 1023 2731 nidere
1044 2668 1121 2729 ltanc

115 2759 308 2842 ernestionem
322 2778 389 2820 cam
406 2759 541 2821 carnibus
551 2753 788 2820 sceleratioribus
805 2750 1010 2828 enucleatam,
1027 2751 1118 2813 obser·

114 2856 161 2908 act
170 2843 195 2905 l.
208 2849 237 2906 6.
250 2865 282 2905 tt.
293 2844 387 2922 tte).

154 2934 187 2992 5.
201 2961 241 2975 -
251 2931 349 3005 Quaen.
363 2934 387 2990 l.
401 2931 473 3005 Quae
486 2930 677 3009 requirantur
692 2929 726 2989 ad
745 2929 900 2989 essentiam
920 2926 1120 2987 sacramenti?

114 3016 187 3075 Tria
205 3016 420 3093 requiruntur,
438 3018 578 3086 materia,
598 3017 714 3086 lorma,
736 3024 765 3074 et
782 3014 917 3073 intentio.
930 3012 1061 3072 Materia
1076 3020 1120 3071 est

114 3118 163 3159 res
177 3117 315 3177 corporea
335 3109 364 3158 ct
376 3100 543 3170 sensibilis,
563 3118 628 3178 quaa
643 3100 810 3178 suscipienti
825 3100 1006 3177 applicatur,
1023 3114 1053 3154 v.
1072 3114 1117 3174 gr.

114 3201 192 3261 aqua
205 3227 213 3254 ,
226 3181 362 3259 chrisma,
374 3185 472 3244 oleum
485 3193 634 3253 sanctum,
648 3193 704 3244 etc.
717 3183 870 3243 Etlraecest
880 3181 999 3243 materia
1009 3189 1119 3242 remota

113 3284 186 3324 narn
205 3267 348 3346 proxima
372 3277 416 3328 cst
434 3269 496 3347 ipsa
516 3269 672 3347 applicatio
693 3269 845 3340 materiae,
860 3274 894 3327 ut
909 3266 1042 3339 ablutio,
1061 3283 1116 3327 un-

113 3350 195 3420 ctio,
211 3359 267 3409 cte.

153 3437 184 3493 6.
199 3436 357 3495 -Fctnte
374 3445 443 3498 sunt
457 3437 546 3497 rerba
558 3439 670 3516 prolata
683 3436 699 3497 b
713 3437 859 3504 ministro.
871 3437 1013 3500 Utcutem
1023 3455 1117 3498 sacra·

112 3525 249 3577 mentum
262 3519 377 3589 valcat,
396 3522 560 3598 requiritur
572 3522 735 3597 connexio,
755 3522 817 3580 sire
834 3520 966 3581 simultas
986 3523 1115 3582 materiae

113 3610 143 3659 et
161 3600 279 3671 lormoe,
296 3604 407 3664 scilicet
417 3649 428 3681 ,
448 3612 482 3664 ut
494 3608 614 3666 materia
637 3605 800 3684 applicetur
816 3614 972 3683 antequam
992 3606 1114 3682 prolatio

112 3686 218 3744 stirme
232 3685 429 3763 terminetur,
445 3690 493 3751 rel
510 3700 665 3780 postquam
677 3690 802 3769 prolatio
816 3690 968 3835 formpqsit
987 3690 1110 3769 incepta.
